2147 2964
408 307 479 344 364

412 406 558 440 Paistoun,
574 401 714 432 Ricardus
729 401 805 429 filius
819 398 969 428 Michaelis
983 398 1027 433 de,
1041 407 1150 436 expen-

451 458 542 487 sarius
556 455 631 492 regis
646 453 795 490 Willelmi,
811 453 838 488 5,
858 453 884 488 8,
901 452 950 480 49.

506 513 582 537 terra
596 516 645 536 seu
660 506 833 534 territorium
848 504 891 541 de,
909 505 935 540 8,
954 504 1000 539 19,
1016 504 1064 532 49.

507 560 578 589 villa
591 559 634 595 de,
651 560 678 595 5,
695 559 723 588 8.

415 615 540 649 Panitar,
556 612 680 647 Paniter,
696 611 811 646 Panter,
824 609 950 645 Penitar,
968 607 1051 637 Schir
1062 606 1151 635 Alex-

454 666 549 702 ander,
572 663 720 702 chaplane,
743 661 901 700 prebendar
921 661 951 689 of
969 660 1018 689 the
1040 659 1152 688 Trinite

453 719 578 755 College,
593 717 738 752 100,105‚
754 716 821 752 173,
838 715 904 750 175,
924 714 989 749 180,
1005 714 1070 748 187,
1086 712 1151 747 193,

455 772 522 805 206,
538 771 606 805 213,
622 770 690 797 272.

417 826 502 862 Papa,
519 823 651 851 Clemens
666 821 711 856 V„
728 821 775 849 60.

510 875 643 904 Clemens
658 873 737 909 VIL,
754 873 822 908 206,
837 873 905 900 207.

510 926 659 964 Eugenius
700 925 763 962 IV.,
807 925 853 960 52,
891 925 938 960 53,
981 925 1049 959 298,
1085 924 1153 959 299,

457 983 525 1011 303.

512 1033 668 1070 Gregorius
683 1031 747 1067 IX„
765 1032 867 1067 36-38,
885 1031 932 1059 50.

510 1085 695 1114 Innocentius
710 1084 807 1120 VIII.,
823 1083 966 1118 273-276,
982 1082 1123 1110 280-283.

511 1138 609 1167 Julius
623 1137 676 1173 ΙΙ.,
694 1138 760 1172 143,
777 1137 845 1164 279.

514 1191 572 1218 Leo
587 1190 635 1226 Χ.,
652 1190 699 1225 89,
716 1190 785 1217 264.

514 1242 651 1271 Nicolaus
665 1241 712 1277 V.,
727 1242 774 1270 58.

515 1295 584 1323 Pius
598 1294 649 1329 IL,
666 1294 767 1328 57-63,
785 1294 851 1321 143.

516 1347 616 1376 Sixtus
632 1346 693 1382 IV.,
710 1346 757 1381 73,
774 1345 841 1380 319,
856 1344 925 1372 320.

422 1398 613 1436 Parassaphes
629 1396 837 1435 (Parasceves),
853 1396 922 1431 dieS,
941 1395 1006 1423 182.

424 1453 520 1487 Pareo,
537 1451 668 1480 dominus
682 1450 831 1479 Johannes
845 1448 888 1484 de,
904 1447 994 1482 miles,
1009 1448 1056 1482 39,
1073 1448 1120 1475 40.

425 1505 542 1539 Paruus,
560 1504 621 1531 vide
635 1502 728 1531 Litill.

425 1556 543 1592 Pascha,
556 1556 667 1590 festum,
680 1553 798 1589 Pascha,
812 1555 838 1589 6,
852 1555 899 1589 29,
913 1554 960 1589 35,
973 1553 1021 1587 45,
1035 1553 1081 1587 79,
1097 1553 1162 1587 126,

468 1610 533 1643 127,
552 1609 617 1643 139,
636 1608 702 1643 186,
720 1608 785 1641 195,
803 1607 870 1641 207,
885 1607 953 1634 213.

428 1660 551 1696 Pasleto,
567 1659 710 1688 Henricus
731 1659 820 1687 abbas
837 1658 881 1693 de,
898 1659 945 1686 70.
996 1657 1064 1685 Vide
1079 1657 1164 1685 etiam

468 1712 560 1741 Peslo.

430 1765 602 1800 Patonsoun,
625 1763 731 1799 Dauid,
752 1772 826 1791 vnus
846 1766 1046 1800 occupatorum
1068 1762 1165 1790 carbo-

469 1817 628 1845 fodinarum
643 1816 678 1844 de
693 1815 884 1849 Gilmertoun,
901 1816 947 1850 78,
965 1815 1012 1843 79.

523 1869 679 1904 Johannes,
695 1877 769 1896 vnus
783 1866 944 1902 eorundem,
962 1867 1008 1902 78,
1026 1868 1070 1896 79.

432 1920 540 1957 Patrik,
558 1920 648 1956 Schir,
667 1921 732 1956 194,
750 1920 817 1948 196.

432 1973 464 2001 P.
481 1973 600 2008 comitis,
616 1972 701 2008 filius,
715 1972 774 2000 vide
788 1971 916 2000 Comitis.

433 2024 536 2060 Peblis,
553 2024 658 2062 Peplis,
677 2023 765 2052 altare
781 2023 856 2052 Diue
871 2023 999 2060 Virginis
1014 2023 1105 2051 Mai-ie
1126 2023 1168 2050 in—

476 2080 517 2106 fra
531 2077 678 2106 ecelesiam
694 2076 897 2114 pei-rochialem
912 2075 955 2112 (16,
975 2077 1041 2103 117.

525 2128 719 2158 molendinum
735 2128 779 2164 de,
797 2129 844 2164 35,
860 2128 908 2162 45,
921 2128 969 2156 48.

527 2186 602 2210 terra
612 2184 778 2218 nuncupata
785 2179 931 2217 OurLady
939 2179 1020 2208 Laud
1031 2179 1059 2207 in
1070 2179 1168 2207 Inner-

475 2234 589 2262 lethaue
604 2237 735 2270 spectans
754 2232 839 2260 altari
853 2232 982 2269 Virginis
1003 2232 1032 2260 in
1052 2231 1171 2260 ecclesia

476 2287 601 2321 de,117.

530 2337 745 2365 vicecomitatus
765 2336 808 2373 de,
836 2338 901 2373 117,
927 2337 991 2372 123,
1015 2337 1081 2372 252,
1103 2337 1170 2372 255,

477 2389 628 2423 314‚318.

440 2441 525 2476 Pedy,
542 2440 627 2475 Pade,
643 2441 710 2467 242.

1074 298 1260 335 INDEX.

1201 396 1291 434 Pedy,
1307 395 1425 424 Beati-ix
1441 394 1593 423 Cokbume
1609 404 1711 433 sponsa
1726 393 1853 432 Georgii,
1871 396 1937 430 127,

1245 450 1310 484 149,
1328 449 1396 477 150.

1297 500 1446 537 Georgius,
1456 499 1615 536 nauclerus,
1626 498 1720 527 incola
1729 499 1797 528 ville
1803 499 1838 528 de
1844 499 1939 533 Leith,

1246 555 1311 589 127,
1329 554 1394 589 149,
1414 553 1479 580 150.

1297 605 1454 640 Johannes,
1477 604 1553 633 filius
1574 608 1604 632 et
1624 604 1705 633 heres
1726 603 1844 641 Georgii
1866 604 1898 632 P.
1913 610 1940 632 et

1244 657 1383 686 Beatricis
1399 656 1441 693 C.,
1459 658 1525 693 127,
1544 658 1610 685 149.

1204 710 1350 745 Peirsoun,
1366 709 1502 744 Persoun,
1519 709 1624 745 Dauid,
1647 708 1858 747 prebendarius,
1877 710 1941 743 157,

1248 763 1314 790 159.

1206 813 1392 850 Pencatland,
1408 812 1539 842 dominus
1554 813 1680 842 Thomas
1695 813 1738 850 de,
1755 814 1803 842 31.

1299 866 1418 894 ecelesia
1432 865 1604 903 parochialis
1618 865 1661 902 de,
1678 866 1726 894 50.

1300 918 1320 947 J
1323 918 1448 946 ohannes
1463 917 1506 953 de,
1524 919 1571 946 20.

1301 970 1424 998 vicarius
1438 969 1482 1006 de,
1500 970 1562 998 vide
1577 969 1735 998 Aberdene.

1208 1022 1365 1058 Pennicnk,
1382 1022 1566 1060 Penuycuke,
1582 1021 1783 1058 Archibaldus,
1802 1024 1866 1051 112.

1302 1075 1439 1111 magister
1453 1078 1481 1102 et
1496 1074 1628 1102 dominus
1642 1074 1798 1110 Johannes,
1815 1075 1861 1103 89.

1303 1127 1440 1164 magister
1455 1125 1610 1162 Georgeus‚
1627 1127 1674 1154 53.

1210 1179 1402 1213 Pentecostes,
1426 1177 1538 1211 festum,
1555 1178 1756 1215 Witsonnday,
1774 1179 1820 1214 39,
1837 1181 1884 1215 42,
1901 1182 1948 1215 44,

1252 1231 1299 1266 51,
1313 1231 1359 1265 65,
1374 1231 1421 1264 66,
1435 1230 1482 1265 69,
1496 1231 1542 1265 81,
1557 1231 1604 1266 85,
1618 1231 1664 1265 91,
1678 1231 1725 1266 97,
1739 1231 1786 1266 98,
1805 1232 1949 1266 105,116,

1255 1282 1640 1319 141,154,157,159,161,
1656 1283 1795 1319 164-167,
1811 1284 1950 1318 169-171,

1255 1334 1551 1370 173-176,178-180,
1570 1335 1788 1371 183-186,188,
1803 1336 1869 1372 190,
1886 1337 1951 1371 192,

1254 1387 1949 1424 213,217,223‚224,236,245‚263‚27&

1255 1440 1322 1475 293,
1339 1440 1406 1474 294,
1423 1439 1491 1475 296,
1508 1440 1575 1474 297,
1592 1440 1659 1475 301,
1676 1439 1743 1468 307.

1215 1492 1399 1528 Pentempen,
1416 1491 1603 1528 Pentenpein,
1620 1492 1682 1520 vide
1697 1491 1945 1521 Strachinmartin.

1215 1543 1313 1579 Perth,
1329 1543 1442 1579 Perthe‚
1459 1543 1659 1572 schirrefdome
1673 1543 1709 1580 of,
1725 1545 1793 1572 249.

1310 1595 1435 1624 vicarius
1448 1595 1491 1631 de,
1508 1597 1570 1624 vide
1585 1595 1656 1624 Cok.

1310 1647 1381 1675 villa
1395 1647 1438 1684 de,
1456 1648 1502 1683 70,
1519 1648 1566 1683 83,
1585 1649 1651 1676 102.

1217 1700 1309 1735 Peslo,
1326 1699 1538 1728 commendatar
1552 1699 1587 1736 of,
1604 1701 1665 1727 vide
1681 1700 1893 1730 Sanctiandree.

1218 1751 1399 1788 Petirculter,
1415 1751 1539 1780 vicarius
1553 1751 1597 1787 de,
1613 1753 1674 1780 vide
1689 1752 1840 1781 Meldrum.

1218 1804 1391 1841 PettygreW,
1408 1803 1539 1832 dominus
1553 1804 1687 1840 Thomas,
1704 1805 1857 1842 presbyter,
1875 1808 1922 1834 63.

1219 1856 1433 1894 Pharniparkis,
1450 1857 1512 1884 vide
1526 1856 1677 1886 Maxtoun.

1220 1908 1353 1946 Philippi,
1370 1908 1463 1936 Adam
1478 1907 1554 1936 filius
1568 1908 1640 1944 Ade,
1658 1918 1707 1937 seu
1721 1908 1797 1937 filius
1811 1909 1872 1945 filii,
1891 1911 1955 1939 bur-

1260 1960 1355 1998 gensis
1369 1964 1398 1988 et
1412 1960 1570 1998 prepositus
1584 1960 1619 1989 de
1635 1961 1766 1998 Berwyk,
1783 1963 1830 1998 32,
1847 1963 1894 1991 33.

1221 2012 1314 2050 Philp,
1327 2012 1463 2049 Joannes,
1476 2012 1624 2050 burgensis
1635 2013 1670 2041 de
1681 2013 1784 2051 Cupro,
1798 2015 1863 2042 145.

1222 2064 1477 2102 Philpdawystoun
1491 2064 1554 2100 Ew,
1578 2064 1811 2103 Philpewistoun,
1833 2066 1955 2105 Philpis-

1262 2120 1331 2144 toun
1346 2116 1409 2153 Ew,
1427 2116 1635 2153 Soltraylandis
1651 2117 1776 2147 iacentes
1790 2118 1863 2147 infra
1879 2119 1956 2147 terri-

1262 2168 1366 2197 torium
1380 2167 1423 2205 de,
1442 2169 1507 2205 119,
1527 2169 1593 2198 138.

1316 2224 1390 2248 terre
1402 2219 1446 2256 de,
1462 2222 1490 2256 4,
1506 2222 1554 2257 44,
1571 2221 1618 2249 50.

1317 2275 1390 2300 terre
1405 2272 1438 2300 (16
1456 2272 1540 2309 Over,
1556 2273 1622 2302 138.

1318 2324 1491 2353 tem'torium
1509 2324 1626 2354 baronie
1641 2325 1685 2362 de,
1701 2330 1834 2355 vocatum
1848 2326 1957 2355 Colros-

1264 2386 1366 2413 grang,
1384 2377 1450 2405 138.

1226 2428 1328 2464 Pistor,
1345 2427 1516 2465 Willclmus,
1532 2430 1559 2456 4.
