2147 2964
728 291 916 328 DOMUS
946 292 1016 327 DE
1046 291 1263 329 SOLTRE.
1733 299 1777 329 53

202 389 521 425 commoditatibus
548 390 777 427 libertatibus
804 397 840 427 et
867 390 1070 427 afiamentis
1097 392 1143 427 ad
1171 393 1304 428 dictum
1333 399 1580 429 tenementum
1613 396 1770 440 spectan-

202 458 297 493 tibus
324 458 384 494 seu
412 458 649 505 quoiusmodo
682 459 842 507 spectare
871 459 1075 495 valentibus
1106 461 1144 495 in
1172 461 1335 497 futurum
1361 483 1367 489 ·
1396 462 1434 497 si
1465 475 1551 497 vero
1582 462 1770 509 contingat

200 526 403 573 predictum
424 526 629 562 Henricum
656 526 810 562 heredes
837 528 917 562 suos
942 528 1000 562 seu
1021 527 1213 575 assignatos
1241 529 1277 563 in
1304 529 1487 565 solucione
1506 531 1684 565 difitorum
1703 530 1769 577 pis-

201 593 296 628 cium
316 594 361 629 ad
377 594 491 630 ᾱίἑὶοε
510 594 605 629 diem
625 599 661 630 et
679 594 799 630 locum
818 594 975 646 deficere
995 596 1093 642 quod
1108 596 1197 631 absit
1214 597 1378 632 volumus
1394 604 1432 633 ut
1447 598 1564 633 dic-tus
1583 598 1765 633 IIenricus

199 661 352 697 heredes
371 662 423 697 sui
442 663 502 697 seu
521 661 685 710 assignati
704 662 820 698 difflms
847 662 962 709 pisces
989 664 1035 698 ad
1059 663 1183 699 villam
1202 665 1247 699 de
1269 663 1389 700 Soltre
1409 666 1585 713 asportari
1606 667 1743 701 faciant
1763 687 1767 692 ·

201 729 278 765 Nos
298 743 385 766 vero
413 730 585 779 magister
610 732 654 767 de
681 730 801 767 Soltre
829 736 865 767 et
892 731 1051 766 eiusdem
1078 732 1149 767 loci
1178 733 1382 768 confratres
1409 734 1609 780 predictam
1638 734 1769 769 afl'cda-

199 799 340 834 cionem
373 805 503 835 contra
533 812 658 835 omnes
689 799 862 835 mortales
894 800 1210 836 warantizabimus
1246 801 1533 848 acquietabimus
1567 808 1602 837 et
1638 802 1768 849 imper-

198 873 346 916 petuum
373 868 610 904 defendemus
630 890 637 897 ·
658 868 701 904 In
730 868 833 904 cuius
861 868 912 904 rei
941 868 1185 905 testimonium
1214 869 1369 918 sigillum
1398 883 1590 906 commune
1618 872 1768 918 capituli

198 936 310 972 nostri
328 936 555 984 presentibus
571 936 622 972 est
638 937 834 985 appensum
855 937 952 984 apud
969 936 1089 973 Soltre
1108 938 1258 986 septimo
1274 938 1332 974 die
1347 939 1486 986 Aprilis
1506 952 1602 975 anno
1620 939 1768 974 Domini

198 1010 246 1041 1n⁰
265 1005 330 1041 iiiic
348 1005 466 1053 primo
486 1027 493 1034 ·
513 1006 599 1041 Post
618 1006 868 1053 cuiusquidem
894 1006 998 1042 litere
1018 1006 1330 1053 presentacionem
1350 1008 1513 1055 prefatus
1533 1009 1704 1056 magister
1723 1009 1767 1043 de

201 1075 320 1111 Soltre
338 1075 451 1123 peciit
470 1075 602 1110 dietam
629 1075 775 1111 literam
802 1074 988 1110 tranffumi
1016 1081 1052 1110 et
1076 1075 1114 1110 in
1133 1075 1316 1123 publicam
1338 1076 1492 1112 formam
1511 1077 1628 1125 redigi
1648 1099 1654 1105 ·
1677 1078 1769 1112 Aea

199 1144 347 1179 fuerunt
364 1144 432 1180 hec
459 1144 496 1178 in
518 1143 604 1179 villa
628 1144 673 1179 de
693 1143 924 1191 Edynburgh
952 1144 1014 1179 sub
1040 1156 1136 1179 anno
1155 1144 1276 1179 mense
1296 1145 1354 1180 die
1381 1145 1592 1182 indiccione
1620 1152 1655 1181 et
1682 1158 1769 1193 pon-

199 1212 337 1248 tificatu
373 1212 503 1259 quibus
537 1213 644 1259 supra
678 1212 906 1259 presentibus
941 1211 1076 1247 ibidem
1113 1211 1262 1247 domino
1298 1212 1481 1248 Edwardo
1517 1214 1562 1249 de
1596 1213 1769 1249 Lawedr‹¹

199 1280 340 1315 Jacobo
376 1280 421 1315 de
456 1279 631 1315 Lawedre
669 1279 838 1315 Gilberto
874 1279 1043 1315 Franche
1086 1292 1167 1315 cum
1203 1280 1326 1315 multis
1361 1281 1441 1316 aliis
1467 1301 1473 1307 ·
1502 1281 1549 1317 Et
1585 1283 1769 1329 predictus

200 1348 368 1395 magister
388 1347 550 1382 Thomas
569 1347 770 1383 collacione
789 1347 895 1383 huius
915 1348 1130 1395 transumpti
1151 1361 1231 1383 cum
1258 1354 1360 1384 carta
1383 1350 1479 1385 facta
1504 1348 1574 1399 [et]
1594 1352 1768 1386 concord-

201 1423 285 1451 ante
304 1415 416 1462 pcciit
438 1428 459 1450 a
483 1428 540 1450 me
566 1414 751 1462 publicum
780 1415 1060 1451 instrumentum
1092 1416 1215 1451 vltimo
1243 1417 1302 1452 die
1329 1418 1458 1453 menfis
1486 1418 1643 1467 Augusti
1672 1433 1769 1455 anno

201 1483 304 1519 xliiii⁰
321 1483 546 1531 presentibus
574 1483 746 1531 magistro
769 1483 940 1530 Georgeo
959 1484 1185 1532 Pennycuke
1212 1485 1360 1520 domino
1381 1485 1526 1522 Thoma
1549 1488 1593 1522 de
1613 1487 1769 1535 Leving-

201 1560 287 1587 toun
309 1552 473 1587 Niniano
496 1550 585 1599 Spot
604 1557 640 1587 et
657 1552 780 1587 multis
800 1552 880 1587 aliis
899 1572 905 1579 ·
927 1552 1135 1587 KIRKALDY
1157 1565 1266 1587 manu
1286 1554 1447 1601 propria.

477 1705 582 1741 Tum
602 1718 649 1741 An
669 1717 744 1741 THE
766 1719 980 1742 ANNUELLIS
1002 1719 1231 1743 PERTENYNG
1253 1721 1299 1743 To
1323 1707 1483 1745 Somne.

830 1829 1129 1867 MUSSILBURGH.

81 1891 138 1923 58·
196 1881 250 1934 In
277 1898 403 1947 primis
430 1898 467 1933 in
488 1897 731 1946 Muffilburgh
758 1898 845 1949 iii-s.
873 1899 1019 1947 yheirly
1047 1900 1088 1935 of
1111 1901 1259 1936 annuell
1287 1902 1327 1937 of
1346 1902 1500 1950 Froggis
1528 1903 1614 1938 land
1641 1910 1678 1939 at
1705 1904 1765 1939 the

198 1966 249 2001 est
268 1967 340 2001 end
359 1965 398 2001 of
411 1966 472 2002 the
492 1966 627 2003 Nethir
647 1966 746 2002 Raw.

838 2041 1112 2078 CRANSTOUNE.

246 2102 339 2138 Item
360 2103 397 2138 in
419 2102 648 2140 Cranstoune
667 2102 812 2151 yheirly
834 2104 867 2138 vi
885 2116 912 2138 s.
934 2104 1009 2139 viiii
1030 2105 1064 2140 d.

875 2176 1091 2215 SALTOUNE.

244 2238 337 2275 Item
357 2239 395 2274 in
418 2237 593 2275 Saltounc
612 2238 709 2286 Leys
729 2239 816 2274 land
834 2239 990 2287 yheirlie
1011 2241 1059 2276 vii
1079 2255 1104 2277 s.

842 2313 1116 2351 HADINGTOUN.

244 2374 338 2410 Item
356 2375 394 2409 in
414 2373 680 2422 Hadingtoune
699 2374 914 2412 Diekisonis
933 2377 1019 2413 land
1039 2379 1188 2414 annuell
1207 2392 1275 2416 ane
1295 2382 1394 2428 pund
1415 2383 1454 2417 of
1470 2396 1640 2433 cumyng.

244 2442 336 2478 Item
355 2441 597 2490 Keringtonis
616 2443 704 2479 land
723 2443 869 2492 yheirly
888 2444 923 2480 ix
939 2446 970 2480 d.
