2147 2964
242 914 300 946 31.

362 261 409 297 26
821 257 1139 295 REGISTRUM
1167 258 1472 296 CARTARUM

362 359 606 396 testimonium
626 358 784 406 presenti
812 357 945 406 scripto
965 357 1120 405 sigillum
1149 357 1312 393 nostrum
1340 358 1472 407 apponi
1491 359 1644 395 fecimus
1665 382 1672 389 -
1693 360 1764 396 hiis
1783 360 1931 397 testibus

361 428 534 476 magistro
555 428 716 476 Hugone
733 427 778 462 de
797 426 994 462 Melburne
1013 426 1197 462 Willelmo
1217 427 1262 462 de
1277 426 1428 463 Mortuo
1448 427 1546 463 Mari
1566 428 1729 464 Roberto
1748 429 1793 464 de
1813 428 1932 465 Meth-

362 512 429 534 ven
466 498 657 545 capellano
690 496 814 532 nostro
844 495 1060 532 Alexandro
1090 497 1135 531 de
1162 495 1393 544 Edynburgh
1422 495 1544 532 Adam
1574 497 1619 533 de
1648 496 1930 533 Malcarristoun

363 568 532 603 Gilberto
552 567 596 603 de
617 566 718 602 Kent
738 565 881 602 clericis
900 564 1032 600 nostris
1051 571 1087 601 et
1106 564 1198 600 aliis.

362 726 474 763 Carta
504 725 656 761 Ricardi
686 724 862 761 Germine
894 725 939 760 de
969 724 1139 771 homagio
1168 722 1280 758 Alani
1311 723 1377 758 filii
1399 722 1505 759 Tock
1533 729 1569 759 et
1595 724 1640 760 de
1668 724 1776 760 terris
1802 725 1872 761 suis
1891 727 1930 762 in

358 794 598 843 Lympetlaw.

362 895 559 951 Omnibus
590 911 711 946 sanfioe
742 910 867 946 matris
903 909 1052 945 ecclesie
1083 909 1167 944 filiis
1201 910 1248 944 ad
1279 921 1369 956 quos
1402 909 1549 956 presens
1585 916 1688 946 carta
1717 911 1929 957 peruenerit

359 980 542 1016 Ricardus
574 979 741 1027 Germyn
774 978 941 1013 dominus
971 979 1016 1013 de
1044 977 1274 1026 Lympatlaw
1304 977 1454 1013 salutem
1486 977 1524 1012 in
1553 976 1714 1013 Domino
1737 998 1744 1006 ·
1770 978 1930 1015 Nouerit

358 1048 571 1085 vniuerfltas
591 1048 710 1083 vestra
735 1060 793 1082 me
813 1047 945 1082 dediss'e
976 1053 1011 1082 et
1037 1045 1240 1081 conceffifl'e
1260 1051 1295 1081 et
1313 1045 1383 1080 hac
1401 1046 1560 1092 presenti
1580 1053 1682 1082 carta
1700 1059 1780 1082 mea
1799 1047 1929 1082 confir-

356 1117 463 1153 maffe
483 1123 518 1153 et
537 1116 700 1163 quietum
726 1115 891 1151 clamasse
911 1115 1073 1150 Alanum
1094 1114 1207 1150 filium
1229 1114 1336 1150 Tock
1356 1121 1391 1150 et
1410 1115 1620 1163 homagium
1640 1115 1740 1151 suum
1760 1122 1796 1152 et
1816 1122 1928 1152 totam

355 1186 536 1232 sequelam
556 1185 654 1220 suam
674 1184 756 1220 Deo
777 1189 812 1219 et
831 1184 954 1219 domui
975 1182 1105 1219 Sanfite
1127 1183 1322 1219 Trinitatis
1342 1184 1386 1219 de
1407 1183 1526 1219 Soltre
1546 1189 1582 1220 et
1600 1184 1774 1220 fratribus
1793 1185 1929 1221 ibidem

355 1254 437 1289 Deo
466 1253 707 1288 seruientibus
737 1258 773 1287 et
802 1257 916 1287 totam
944 1251 1045 1287 illam
1074 1256 1210 1286 terram
1237 1264 1317 1286 cum
1346 1251 1438 1286 tofto
1462 1257 1498 1287 et
1525 1252 1641 1288 crofto
1661 1265 1769 1299 quam
1791 1252 1928 1300 Symon

356 1322 450 1357 filius
470 1321 629 1357 Gilberti
657 1321 702 1355 de
729 1333 786 1355 me
815 1320 933 1355 tenuit
962 1319 999 1354 in
1028 1319 1215 1355 territorio
1241 1319 1286 1354 de
1305 1319 1535 1366 Lympatlaw
1553 1332 1620 1367 per
1639 1321 1778 1356 easdem
1798 1320 1930 1356 diuisas

357 1404 446 1438 quas
465 1391 581 1426 diaus
603 1389 741 1437 Symon
769 1388 864 1423 filius
886 1388 1046 1424 Gilberti
1075 1388 1206 1423 dietam
1236 1394 1371 1423 terram
1402 1401 1484 1423 cum
1507 1388 1598 1423 tofto
1618 1394 1654 1424 et
1673 1389 1789 1424 crofto
1808 1390 1853 1424 de
1873 1402 1929 1425 me

357 1460 472 1495 tenuit
492 1480 498 1486 ·
519 1458 737 1494 Tenendum
759 1463 794 1493 et
813 1457 1021 1492 habendum
1050 1456 1143 1492 di<5³oe
1169 1457 1294 1492 domui
1322 1457 1367 1492 de
1399 1456 1520 1493 Soltre
1539 1457 1584 1493 de
1603 1470 1660 1492 me
1679 1463 1714 1493 et
1733 1457 1929 1494 heredibus

356 1528 444 1563 meis
463 1528 735 1575 imperpetuum
752 1527 789 1562 in
810 1539 938 1573 puram
967 1531 1002 1561 et
1026 1532 1239 1573 perpetuam
1266 1525 1489 1560 elimofinam
1509 1526 1600 1561 adeo
1620 1525 1733 1561 libere
1753 1532 1788 1562 et
1807 1527 1929 1574 quiete

354 1597 519 1643 plenarie
539 1602 575 1632 et
592 1597 736 1644 integre
757 1595 847 1631 ficut
877 1595 1000 1642 aliqua
1030 1593 1215 1630 elimosina
1241 1594 1277 1629 in
1306 1606 1421 1641 regno
1450 1594 1578 1630 Scocie
1606 1600 1752 1630 tenetur
1771 1603 1806 1631 et
1825 1596 1928 1642 possi-

356 1666 462 1700 detur
483 1678 563 1700 cum
592 1665 760 1700 omnibus
791 1664 1043 1700 communibus
1071 1662 1302 1711 ayfiamentis
1328 1668 1363 1697 et
1382 1662 1611 1698 libertatibus
1631 1662 1725 1698 diae
1744 1663 1829 1698 ville
1847 1676 1927 1710 per-

355 1734 556 1769 tinentibus
573 1755 580 1762 -
596 1733 677 1781 Ego
698 1746 784 1768 vero
804 1738 840 1768 et
857 1732 1012 1768 heredes
1032 1731 1102 1766 mei
1122 1731 1216 1766 dieze
1235 1730 1359 1765 domui
1378 1731 1423 1765 de
1445 1729 1564 1766 Soltre
1584 1730 1716 1765 dietam
1736 1737 1870 1766 terram
1892 1739 1927 1767 et

355 1803 513 1849 quietam
540 1802 802 1837 clamacionem
829 1801 990 1848 homagii
1013 1800 1101 1836 dieti
1121 1799 1234 1834 Alani
1263 1805 1298 1834 et
1325 1799 1468 1846 sequele
1494 1799 1554 1834 sue
1579 1811 1659 1834 cum
1686 1799 1924 1846 pertinenciis

354 1871 584 1906 libertatibus
614 1875 650 1905 et
681 1869 913 1918 ayfiamentis
942 1869 1012 1904 suis
1044 1874 1173 1903 eontra
1203 1880 1328 1902 omnes
1357 1867 1522 1902 homines
1551 1872 1586 1902 et
1615 1866 1766 1902 feminas
1794 1868 1927 1915 imper-

355 1945 504 1986 petuum
537 1938 856 1974 warantizabimus
888 1937 1203 1973 manutenebimus
1236 1942 1271 1971 ot
1300 1936 1537 1971 defendemus
1562 1955 1570 1963 ·
1595 1934 1643 1970 Et
1674 1936 1721 1970 ad
1749 1936 1925 1971 maiorem

356 2008 587 2043 securitatem
608 2013 644 2042 et
662 2006 769 2042 huius
797 2006 850 2041 rei
878 2005 1123 2041 testimonium
1150 2005 1309 2052 presenti
1333 2010 1433 2040 carte
1452 2016 1531 2039 mee
1551 2003 1704 2051 sigillum
1723 2016 1842 2039 meum
1863 2017 1923 2052 ap-

354 2076 455 2122 posui
475 2098 482 2105 ·
498 2076 568 2111 hiis
589 2075 737 2112 testibus
757 2075 906 2110 domino
921 2074 1069 2109 Elmero
1090 2074 1135 2108 de
1151 2072 1310 2108 Maxwel
1329 2079 1405 2108 tum
1421 2071 1636 2108 vicecomite
1655 2072 1700 2107 de
1720 2071 1922 2121 Roxburgh

356 2144 503 2178 domino
523 2144 671 2179 Elmero
692 2146 735 2178 de
755 2143 916 2178 Hauden
936 2142 1083 2177 domino
1102 2141 1286 2177 Willelmo
1319 2141 1431 2176 fratre
1458 2141 1520 2175 suo
1548 2146 1635 2175 tunc
1658 2139 1923 2176 constabulario

356 2212 503 2246 ‹lomino
522 2212 706 2247 Willelmo
729 2212 774 2246 ‹le
796 2211 934 2246 Redalc
963 2211 1109 2245 domino
1129 2209 1291 2246 Roberto
1311 2209 1449 2245 Redale
1477 2208 1622 2244 domino
1644 2207 1858 2244 Alexandro
1878 2209 1922 2244 de

358 2280 483 2316 Vacca
498 2281 660 2316 Roberto
680 2281 724 2315 de
745 2280 890 2315 Softlaw
909 2280 1030 2315 Adam
1050 2285 1086 2314 et
1103 2278 1286 2314 Willelmo
1306 2284 1393 2314 tunc
1410 2277 1600 2326 prepositis
1615 2277 1659 2313 de
1674 2276 1921 2324 Sprowistoun

358 2348 502 2385 Thoma
520 2351 564 2385 dc
587 2350 745 2386 Coltoun
770 2349 889 2384 Adam
910 2349 954 2384 de
974 2348 1130 2384 Fawlaw
1149 2353 1184 2383 et
1203 2347 1295 2383 aliis.
