2147 2964
774 279 844 315 DE
873 279 1256 317 CREYCHTOUN.
1728 286 1800 324 307

228 376 405 412 dictorum
442 378 623 413 fruStuum
662 378 812 414 liberam
849 379 1122 426 disposicionem
1162 380 1311 416 habebit
1347 381 1557 428 quiquidem
1595 383 1796 431 prepositus

226 451 404 492 perpetuo
433 446 569 481 vicario
596 446 657 493 qui
686 458 810 482 curam
842 454 944 494 geret
976 447 1177 482 animarum
1210 449 1384 495 parochie
1412 450 1456 486 de
1486 449 1723 499 Creyehtoun
1751 452 1796 487 de

225 512 401 549 fruffibus
428 514 577 550 ecclesie
602 515 646 550 de
676 514 916 562 Creycbtoun
945 516 1046 551 dabit
1073 523 1108 551 et
1135 517 1317 563 persoluet
1345 519 1532 555 aunuatim
1556 521 1601 555 ad
1621 521 1707 555 anni
1727 527 1796 556 ter-

224 581 342 617 minos
373 582 511 618 vsuales
543 582 714 618 videlicet
745 583 1006 618 Penthecostes
1036 590 1072 620 et
1103 583 1225 620 saneti
1257 585 1410 621 Martini
1447 587 1484 622 in
1519 587 1638 623 hieme
1670 589 1795 624 decem

225 649 335 684 libras
355 650 486 685 vsualis
514 657 658 686 monete
686 650 814 686 Scocie
842 663 907 698 per
934 651 1081 697 equales
1108 653 1301 698 porciones
1326 667 1368 688 ac
1388 655 1501 689 eciam
1521 656 1682 702 prefatus
1703 656 1795 692 vica-

224 716 298 751 rius
317 717 466 752 habebit
484 723 641 764 quatuor
660 730 764 753 acras
791 724 889 753 terre
908 718 954 753 ad
974 718 1069 753 suam
1091 719 1285 755 vtilitatem
1306 726 1341 755 et
1359 722 1560 767 profe&um
1589 728 1624 758 et
1651 736 1717 770 pro
1737 725 1797 759 sua

222 784 406 820 mansione
435 797 515 820 eum
545 785 634 820 ortis
662 785 874 820 edificandis
900 805 907 812 ·
935 785 1155 834 Capelianus
1184 787 1297 822 eciam
1327 801 1417 823 vnus
1445 789 1506 836 qui
1534 791 1796 837 prebendarius

221 852 266 886 de
288 851 527 899 Creychtoun
558 853 807 889 intitulabitur
836 854 881 889 de
910 854 1086 890 fructibus
1119 854 1268 890 ecclesie
1301 856 1346 891 de
1380 856 1618 904 Creyehtoun
1651 859 1797 895 habebit

221 921 346 955 decem
376 920 486 955 libras
513 933 580 968 per
606 920 828 968 prepositum
856 925 1044 958 annuatim
1072 923 1118 958 ad
1150 923 1326 959 terminos
1359 925 1497 961 vsuales
1524 927 1705 973 predictos
1733 929 1796 963 sol—

220 990 357 1025 uendas
386 1002 428 1024 ac
461 989 650 1025 dimidiam
683 1002 806 1026 aeram
832 997 930 1026 terre
957 1003 1024 1038 pro
1051 991 1236 1027 mansione
1265 999 1299 1027 et
1333 993 1422 1028 ortis
1450 993 1662 1030 edificandis
1682 1017 1689 1024 ·
1711 996 1796 1032 Pre-

217 1058 352 1105 positus
380 1071 466 1093 vero
493 1071 561 1105 pro
588 1065 753 1105 tempore
781 1059 938 1095 existens
971 1059 1119 1095 habebit
1146 1060 1369 1096 mansionem
1401 1061 1542 1098 solitam
1574 1064 1723 1099 re&oris
1751 1065 1795 1100 de

219 1126 457 1174 Creychtoun
479 1133 515 1162 et
534 1126 646 1162 eciam
667 1127 854 1175 perpetuis
873 1127 1004 1164 suturis
1032 1128 1257 1175 temporibus
1276 1128 1410 1165 subibit
1429 1131 1550 1166 omnia
1569 1144 1683 1167 onera
1701 1133 1796 1168 ordi-

217 1195 322 1230 naria
358 1195 529 1230 videlicet
566 1195 786 1242 episcopalia
827 1203 863 1232 et
904 1196 1216 1231 archidiaconalia
1252 1197 1399 1233 racione
1435 1198 1530 1234 dieue
1567 1200 1716 1235 ecclesie
1752 1202 1796 1236 de

218 1263 457 1311 Creychtoun
479 1263 568 1298 solui
589 1262 760 1298 consueta
779 1285 786 1291 ·
807 1263 982 1299 Preterea
1001 1264 1140 1299 fru8tus
1165 1265 1315 1301 ecclesie
1335 1267 1379 1302 de
1400 1267 1683 1314 Lochorquhart
1703 1270 1796 1305 dicte

216 1331 367 1366 ecclesie
388 1330 580 1378 collegiate
604 1331 759 1366 vniende
779 1331 1017 1379 disponentur
1045 1332 1081 1366 in
1110 1333 1257 1368 modum
1284 1335 1346 1381 qui
1374 1335 1535 1382 sequitur
1555 1356 1562 1363 ·
1582 1336 1706 1372 Primo
1727 1338 1795 1373 erit

216 1405 415 1447 perpetuus
436 1399 594 1434 vicarius
614 1398 863 1446 pensionarius
887 1399 947 1446 qui
976 1413 1101 1435 curam
1120 1408 1224 1448 geret
1243 1403 1446 1438 animarum
1466 1404 1562 1439 diae
1581 1405 1731 1441 ecclesie
1751 1407 1795 1441 de

218 1467 455 1503 Lochorwart
471 1473 507 1503 et
522 1467 709 1502 ordinaria
724 1480 837 1503 onera
851 1467 1020 1503 videlicet
1037 1468 1258 1516 episcopalia
1277 1476 1313 1505 et
1332 1471 1645 1508 archidiaconalia
1664 1474 1795 1510 subibit

218 1536 308 1571 alias
335 1535 425 1570 solui
454 1535 623 1570 consueta
653 1541 688 1570 et
716 1535 867 1570 chorum
895 1535 1044 1572 ecclesie
1073 1537 1117 1572 de
1144 1538 1384 1574 Lochorwart
1410 1540 1449 1575 in
1477 1541 1571 1575 teao
1598 1542 1737 1577 fabrica
1759 1549 1794 1578 et

219 1603 444 1639 ornamentis
464 1616 558 1650 pane
579 1602 662 1637 vino
691 1609 726 1637 et
754 1602 959 1638 luminariis
986 1604 1199 1640 sustentabit
1227 1606 1435 1652 quiquidem
1464 1607 1620 1643 vicarius
1647 1608 1793 1645 habebit

219 1678 353 1708 terram
374 1671 650 1707 eeclesiasticam
672 1670 743 1706 siue
769 1671 913 1719 glebam
942 1672 1091 1708 ecclesie
1119 1675 1163 1708 de
1183 1673 1422 1709 Lochorwart
1450 1675 1495 1709 ad
1523 1676 1603 1710 suos
1625 1678 1793 1724 proprios

222 1741 300 1776 vsus
321 1752 474 1775 vnacum
494 1739 677 1774 mansione
698 1745 733 1774 et
753 1739 841 1775 ortis
867 1739 954 1774 olim
981 1741 1111 1776 restori
1139 1741 1295 1777 eiusdem
1324 1742 1473 1778 ecclesie
1493 1743 1537 1778 de
1556 1743 1792 1781 Lochorwart

221 1807 490 1856 pertinentibus
509 1828 516 1835 ·
542 1806 691 1842 habebit
719 1807 833 1842 eciam
863 1807 1021 1843 vicarius
1049 1809 1212 1856 prefatus
1244 1822 1368 1845 omnes
1388 1811 1547 1846 decimas
1571 1812 1739 1858 garbales
1758 1822 1791 1849 et

222 1877 310 1912 alias
337 1876 498 1911 decimas
526 1876 758 1922 quascunque
788 1875 871 1911 ville
899 1876 944 1911 de
975 1876 1234 1912 Haukerstoun
1264 1890 1417 1913 vnacum
1446 1879 1595 1914 decimis
1627 1881 1792 1917 omnibus

222 1947 267 1981 de
299 1944 550 1993 Douglassand
582 1952 616 1980 ct
651 1944 798 1980 Soldlau
828 1946 873 1980 ad
911 1958 1038 1981 manus
1066 1945 1233 1993 proprias
1262 1946 1437 1981 leuandas
1465 1954 1501 1982 et
1528 1947 1791 1995 disponendas·

224 2015 309 2050 Duo
338 2014 451 2049 eciam
480 2012 712 2061 prebendarii
739 2013 917 2060 capellani
942 2013 1013 2048 siue
1040 2012 1228 2061 presbiteri
1253 2014 1297 2049 de
1327 2015 1501 2050 frufflbus
1529 2016 1623 2052 dicte
1646 2017 1794 2053 ecclesie

223 2083 268 2118 de
288 2082 526 2118 Lochorwart
554 2081 588 2116 in
610 2081 706 2116 dieta
733 2080 883 2116 ecclesia
910 2081 1105 2128 collegiata
1129 2082 1174 2117 de
1195 2081 1433 2130 Creyehtoun
1460 2085 1643 2131 perpetuis
1662 2086 1793 2122 futuris

224 2150 447 2198 temporibus
475 2149 652 2185 seruaturi
680 2150 953 2196 deputabuntur
979 2162 1021 2184 ac
1049 2150 1185 2196 deputo
1212 2150 1392 2186 constituo
1420 2157 1456 2186 et.
1483 2152 1612 2187 ordino
1637 2166 1790 2199 quorum

224 2232 315 2255 vnus
335 2218 524 2254 vocabitur
541 2217 803 2266 prebendarius
830 2217 967 2265 primus
997 2217 1080 2252 ville
1108 2218 1152 2253 de
1177 2217 1408 2253 Middeltoun
1436 2225 1472 2254 et
1491 2219 1582 2254 alius
1602 2221 1791 2257 vocabitur

223 2287 486 2336 prebendarius
521 2286 699 2321 secundus
732 2285 817 2320 ville
853 2286 898 2321 de
930 2285 1155 2321 Middiltoun
1180 2307 1187 2314 ·
1213 2285 1423 2333 quiquidem
1455 2287 1527 2322 duo
1558 2288 1790 2336 prebendarii

222 2357 409 2393 habebunt
436 2367 559 2390 omnes
586 2361 623 2390 et
650 2354 807 2402 singulas
835 2355 994 2390 decimas
1021 2353 1188 2401 garbales
1217 2360 1253 2389 et
1271 2353 1360 2389 alias
1380 2355 1539 2391 decimas
1558 2357 1790 2405 quascunque

221 2425 339 2461 tocius
358 2423 443 2459 ville
462 2424 507 2458 de
526 2422 749 2458 Middiltoun
779 2428 815 2458 et
842 2422 886 2457 de
907 2422 1089 2468 Caldsyde
1110 2435 1263 2457 vnacum
1285 2423 1432 2458 decimis
1458 2425 1623 2461 omnibus
1644 2426 1727 2462 ville
1746 2427 1790 2462 de
