2147 2964
190 806 200 836 1
211 802 257 836 (33

320 293 389 325 182
618 284 934 323 REGISTRUM
961 282 1218 321 ECCLESIE
1248 282 1590 319 COLLEGIATE

319 390 355 423 in
376 388 472 423 difto
493 387 650 435 collegio
677 386 722 422 de
750 385 846 420 dieto
875 384 1030 420 termino
1058 384 1095 419 xl
1108 397 1135 419 s.
1188 382 1237 418 Et
1256 382 1446 418 serieando
1474 382 1510 417 in
1534 382 1642 418 feodo
1662 382 1723 417 suo
1743 382 1787 417 de
1807 382 1901 417 disto

320 457 478 492 termino
499 456 574 492 vis.
596 455 660 491 viii
674 455 709 491 d.

423 524 571 560 Summa
602 524 842 571 expensarum
876 535 922 557 xv
936 521 971 556 li.
1005 521 1053 555 xii
1068 533 1096 556 s.
1129 526 1165 556 et
1193 520 1240 555 sic
1268 519 1544 567 superexposuit
1572 525 1785 567 compotans
1812 518 1902 553 iiili.

473 607 493 628 v
508 606 535 628 s.
557 593 610 628 iiii
625 593 660 627 d.

324 781 559 836 Componm
587 796 723 832 domini
753 795 931 831 Willelmi
960 794 1121 842 Tempill
1151 795 1355 831 colle8mris
1380 795 1567 830 firmarum
1599 794 1742 841 collegii
1774 794 1904 829 Sanfite

324 865 520 902 Trinitatis
547 877 660 913 prope
684 863 902 911 Edinburgh
929 863 1114 898 redditum
1141 876 1207 910 per
1235 863 1392 898 eundem
1420 863 1517 911 apud
1544 863 1678 898 dic-tum
1708 863 1902 910 collegium

324 935 493 971 vicesimo
521 934 673 981 septimo
707 933 765 968 die
798 932 927 967 mensis
959 931 1051 966 Maii
1083 943 1180 966 anno
1208 931 1361 966 Domini
1392 930 1582 967 millesimo
1612 931 1903 978 quingentesimo

325 1004 467 1039 decimo
487 1015 584 1037 nono
605 1002 649 1037 de
670 1001 835 1036 omnibus
863 1000 1022 1047 receptis
1050 999 1119 1034 suis
1148 1006 1182 1035 et
1207 998 1371 1046 expensis
1391 1012 1411 1034 a
1429 999 1546 1047 primo
1567 999 1626 1034 die
1644 999 1775 1035 mensis
1797 999 1905 1035 oao-

328 1072 400 1108 bris
420 1071 507 1106 anni
529 1070 682 1105 Domini
710 1076 781 1104 etc.
802 1073 836 1103 v⁰
856 1069 988 1104 decimi
1017 1068 1134 1103 cenaui
1156 1068 1266 1114 Vsque
1293 1068 1331 1102 in
1360 1068 1455 1103 diem
1483 1068 1591 1102 huius
1619 1068 1777 1115 compoti
1804 1075 1838 1103 et
1860 1068 1906 1103 sic

327 1141 372 1175 de
399 1152 468 1174 vno
495 1138 653 1173 termino
682 1137 856 1172 videlicet
887 1136 1009 1172 83,ηὲὶί
1038 1135 1193 1171 Martini
1220 1135 1317 1170 infra
1343 1135 1413 1170 hoc
1442 1141 1650 1182 compotum
1679 1136 1906 1171 auditoribus

329 1208 477 1243 domino
496 1206 678 1255 proposito
698 1212 734 1241 et
753 1205 1017 1254 prebendariis.

332 1277 424 1312 Item
446 1282 573 1311 onerat
594 1274 626 1310 se
650 1275 686 1309 in
707 1273 834 1321 primis
853 1273 898 1308 de
918 1286 990 1307 xxv
1005 1272 1042 1307 li.
1063 1273 1108 1307 de
1128 1271 1241 1305 firmis
1260 1271 1415 1306 ream-ie
1436 1271 1480 1306 de
1502 1271 1668 1306 Kirkurd
1688 1272 1733 1306 de
1753 1273 1909 1307 termino

334 1345 457 1381 Sanffi
477 1343 631 1379 Martini
660 1343 756 1377 infra
783 1342 852 1377 hoc
880 1347 1088 1388 compotum
1108 1340 1265 1387 receptis
1286 1353 1306 1375 a
1324 1340 1472 1375 domino
1493 1340 1708 1376 Alexandro
1730 1341 1834 1378 Scott
1851 1342 1912 1377 fir-

333 1413 448 1449 mario
468 1412 626 1448 eiusdem
645 1432 651 1438 ·
669 1410 716 1446 Et
736 1410 780 1445 de
801 1410 835 1444 vi
850 1410 888 1444 li.
909 1408 959 1444 xii
973 1422 998 1444 s,
1018 1410 1173 1458 receptis
1193 1422 1214 1445 a
1233 1410 1381 1444 domino
1400 1409 1583 1456 preposito
1602 1410 1647 1446 de
1666 1411 1780 1446 firmis
1799 1417 1912 1448 terra-

334 1494 413 1517 rum
434 1482 479 1516 de
500 1480 674 1515 Ballerno
695 1484 730 1514 et
750 1478 944 1526 Lumphoy
965 1478 1052 1513 (118ιί
1072 1477 1217 1514 termini
1237 1483 1275 1513 vt
1294 1483 1395 1525 patet
1421 1478 1458 1513 in
1478 1485 1648 1525 compoto
1667 1479 1752 1515 (11ἃί
1771 1480 1909 1516 domini

334 1549 507 1597 prepositi
523 1568 530 1575 ·
546 1548 593 1583 Et
609 1548 652 1582 de
672 1548 709 1582 ix
723 1548 760 1582 li.
780 1547 872 1582 iiiis.
894 1547 1050 1593 receptis
1070 1560 1135 1594 per
1150 1547 1306 1582 eundem
1327 1547 1372 1582 de
1393 1548 1576 1582 communi
1595 1548 1690 1583 boxa
1708 1548 1794 1583 (11ἃί
1813 1549 1884 1585 loci
1902 1577 1910 1585 .

334 1619 380 1654 Et
401 1619 444 1653 de
465 1630 566 1652 xxxv
580 1630 604 1650 ει.
627 1615 783 1662 receptis
803 1616 847 1650 de
868 1614 1118 1650 oblacionibus
1137 1615 1286 1651 ecclesie
1306 1615 1343 1650 in
1364 1615 1422 1650 die
1444 1615 1690 1663 Parasi'aphes.

435 1686 585 1722 Summa
604 1685 712 1721 huius
732 1684 965 1719 oneracionis
984 1684 1048 1719 xlii
1062 1684 1097 1718 li.
1118 1685 1192 1718 xis.

334 1755 501 1803 Expense
529 1754 690 1789 eiusdem
711 1774 718 1782 ·
739 1752 782 1788 In
810 1752 938 1800 primis
966 1752 1173 1787 allocantur
1200 1752 1425 1799 compotanti
1453 1765 1520 1800 pro
1546 1753 1823 1802 superexpositis
1844 1756 1912 1791 suis

335 1825 373 1858 in
394 1823 519 1858 vltimo
548 1827 718 1869 compoto
746 1821 806 1856 suo
836 1826 873 1855 vt
900 1826 1001 1867 patet
1028 1820 1065 1854 in
1091 1821 1184 1867 pede
1205 1821 1363 1856 eiusdem
1392 1821 1505 1856 xxxix
1519 1834 1547 1857 s.
1569 1821 1631 1857 viii
1645 1822 1680 1857 d.
1727 1822 1776 1858 Et
1793 1824 1911 1858 eidem

336 1904 401 1939 per
428 1891 650 1926 solucionem
679 1890 812 1925 faaam
841 1888 988 1924 domino
1015 1888 1157 1924 Jacobo
1182 1888 1315 1937 Waldy
1342 1902 1410 1936 pro
1437 1889 1703 1926 sustentacione
1732 1904 1815 1927 cere
1842 1892 1913 1928 olei

340 1961 413 1996 vini
432 1960 576 1995 locione
596 1971 801 2006 pannorum
821 1964 857 1994 et
877 1957 1031 1993 aliorum
1051 1956 1331 1993 necessariorum
1352 1957 1389 1992 in
1406 1957 1500 1993 diffto
1518 1958 1673 2006 collegio
1692 1972 1756 2007 per
1771 1966 1913 2008 tempus

339 2029 496 2077 compoti
516 2034 555 2064 ut
574 2034 675 2075 patet
693 2028 731 2062 in
752 2032 919 2074 compoto
939 2027 1097 2062 eiusdem
1123 2025 1396 2073 particulariter
1416 2027 1623 2063 examinato
1642 2029 1748 2075 super
1768 2042 1913 2077 compo-

339 2104 415 2133 tum
434 2097 472 2131 ix
485 2097 523 2131 li.
543 2096 618 2131 xiiii
631 2109 658 2131 s.
679 2096 715 2131 vi
727 2096 762 2130 d.
809 2095 857 2131 Et
877 2094 995 2130 eidem
1015 2107 1081 2142 per
1100 2094 1320 2130 solucionem
1342 2095 1471 2130 faaam
1491 2095 1671 2142 lapidario
1690 2110 1755 2144 pro
1774 2098 1911 2145 septua-

341 2165 443 2212 ginta
461 2164 644 2212 lapidibus
663 2164 807 2211 magnis
826 2164 870 2199 ad
888 2163 985 2198 vsum
1002 2164 1095 2199 difite
1116 2163 1265 2199 ecclesie
1284 2164 1330 2198 ad
1349 2164 1635 2199 fabricacionem
1651 2165 1807 2200 eiusdem
1823 2166 1911 2202 xlis.

344 2233 424 2268 vid.
477 2233 525 2268 Et
551 2245 618 2280 pro
647 2233 847 2267 octodecim
875 2233 906 2267 le
932 2232 1090 2267 nowellis
1117 2232 1163 2267 ad
1191 2232 1324 2266 dietum
1352 2244 1442 2279 opus
1469 2245 1532 2267 xs.
1586 2232 1634 2267 Et
1657 2245 1723 2279 pro
1751 2233 1912 2281 cariagio

347 2301 523 2335 ductorum
554 2300 615 2335 lxx
643 2300 806 2347 lapidum
834 2300 935 2335 111111.
956 2300 1021 2335 iis.
1076 2300 1123 2335 Et
1142 2300 1258 2335 eidem
1287 2312 1353 2347 per
1372 2300 1594 2336 solucionem
1613 2301 1742 2335 fafitam
1762 2302 1914 2338 Andreo

351 2367 512 2414 Hugoun
531 2368 569 2402 in
589 2369 716 2403 decem
735 2368 869 2403 marcis
896 2368 933 2403 in
954 2368 1060 2403 feodo
1079 2368 1141 2403 suo
1159 2368 1377 2415 percipienti
1406 2368 1594 2403 annuatim
1614 2368 1744 2415 viginti
1772 2381 1913 2406 marcas

351 2437 394 2469 dc
423 2436 516 2469 (11ἃο
543 2436 699 2470 termino
730 2435 850 2472 Sancti
876 2435 1029 2472 Martini
1058 2436 1141 2471 vili.
1171 2436 1221 2470 xii
1235 2448 1262 2471 s.
1291 2436 1392 2470 iiiid.
1447 2435 1494 2470 Et
1520 2435 1707 2471 Willelmo
1736 2436 1913 2484 Daugleis
