2147 2964
228 2032 296 2067 186

349 288 420 320 210
650 280 967 318 REGISTRUM
994 280 1249 318 ECCLESIE
1278 280 1622 319 COLLEGIATE

350 384 406 420 cio
426 388 488 420 aut
507 384 602 418 inter
631 388 712 419 tuos
741 381 946 418 confratres
975 387 1011 417 et
1039 381 1109 417 hoc
1138 381 1327 417 moderate
1357 386 1393 417 et
1421 381 1576 417 discrete
1606 380 1719 417 vtaris
1738 402 1745 409 ·
1764 386 1800 416 et
1829 381 1926 428 quod

350 452 609 488 fundacionem
628 450 763 486 statuta
781 455 817 485 et
837 449 1002 485 diuinum
1022 448 1215 485 seruicium
1234 449 1330 486 diae
1350 449 1544 498 collegiate
1563 449 1714 486 ecclesie
1733 449 1926 485 obseruare

351 534 457 558 cures
472 519 829 557 administracionem
843 518 897 554 tui
913 518 1022 554 officii
1039 518 1077 553 in
1093 530 1350 567 campanarum
1364 518 1575 566 pulsacione
1590 531 1633 555 ac
1647 517 1927 566 preseruacione

351 598 386 627 et
402 589 723 626 administracione
742 587 1023 624 necessariorum
1039 587 1157 623 diuini
1172 587 1291 623 cultus
1306 587 1400 623 dieto
1415 587 1610 636 collegiate
1627 587 1777 623 ecclesie
1791 592 1927 634 tempo-

350 660 451 695 ribus
471 658 612 694 statutis
631 664 694 694 tuo
714 656 830 693 officio
850 656 1125 692 incumbentem
1144 668 1289 692 necnon
1309 668 1492 692 cameram
1511 662 1611 692 tuam
1630 661 1667 691 et
1685 662 1806 691 ortum
1825 661 1927 691 tuum

353 730 388 764 in
408 729 504 764 dieto
524 727 679 774 collegio
699 725 765 762 tibi
793 724 1008 773 assignatum
1028 730 1066 761 vt
1085 725 1199 761 ceteri
1217 725 1271 761 tui
1298 724 1502 760 confratres
1528 724 1685 760 adornes
1704 722 1874 759 obseruas
1893 729 1928 757 et

352 796 596 844 frequenteris
615 816 622 823 ·
642 795 677 830 in
697 795 826 842 quibus
847 794 871 829 fi
890 794 927 829 in
949 794 1111 829 futurum
1131 793 1323 840 delinques
1342 799 1378 829 et
1396 793 1516 841 primo
1535 793 1655 841 quoad
1673 792 1840 828 diuinum
1856 792 1928 827 offi-

353 866 448 901 cium
476 865 514 900 in·
542 864 639 899 dieta
667 862 819 899 ecclesia
849 862 1014 897 volumus
1046 863 1145 909 quod
1175 875 1269 910 pene
1299 861 1514 910 pecuniarie
1546 862 1752 897 defe&uum
1782 867 1928 896 tuorum

353 934 588 982 duplicentur
607 954 614 961 ·
636 938 671 968 et
699 931 821 979 quoad
848 931 992 978 reliqua
1015 931 1220 978 supradi&a
1247 931 1370 966 omnia
1396 936 1433 966 et
1455 930 1596 978 singula
1615 930 1639 965 fi
1662 930 1699 965 in
1719 929 1792 964 illis
1811 935 1872 964 aut
1891 929 1929 963 in

352 1004 511 1051 ipsorum
532 1001 737 1037 defefflmum
757 1000 881 1048 aliquo
909 999 1156 1048 apprehensus
1176 1006 1212 1036 et
1229 1013 1296 1047 per
1315 1005 1396 1036 tuos
1415 999 1618 1035 confratres
1637 998 1821 1046 predistos
1840 997 1930 1033 dila-

354 1079 450 1109 tatus
469 1072 576 1119 super
595 1071 664 1106 hoc
684 1076 720 1106 et
739 1069 928 1105 conuifitus
956 1068 1068 1104 fueris
1088 1080 1234 1104 exnunc
1260 1074 1370 1115 prout
1389 1073 1524 1103 extunc
1543 1074 1579 1103 et
1598 1080 1617 1103 e
1635 1066 1810 1103 conuerso
1829 1066 1931 1101 volu-

356 1154 434 1176 mus
461 1147 496 1176 te
524 1140 569 1175 ab
596 1139 695 1174 omni
724 1136 1047 1173 administracione
1077 1137 1130 1172 tui
1160 1136 1268 1171 officii
1298 1136 1471 1172 videlicet
1499 1135 1704 1171 sacristarie
1732 1134 1809 1182 ipso
1835 1135 1930 1170 fasto

357 1209 494 1258 priuari
515 1221 556 1243 ac
576 1207 698 1242 claues
717 1212 753 1241 et
772 1205 974 1241 custodiam
993 1204 1086 1240 diste
1105 1204 1257 1240 ecclesie
1284 1210 1583 1240 ornamentorum
1601 1203 1774 1238 iocalium
1794 1210 1830 1238 et
1849 1203 1932 1238 reli-

358 1279 523 1326 quiarum
546 1275 705 1311 eiusdem
726 1273 831 1309 alteri
851 1272 1029 1308 confratri
1049 1272 1144 1307 dieite
1161 1272 1311 1308 ecclesie
1330 1272 1476 1320 ydoneo
1493 1272 1539 1307 de
1559 1270 1733 1307 consensu
1752 1271 1932 1306 di&orum

356 1345 526 1395 prepositi
546 1351 583 1380 et
601 1343 752 1391 capituli
780 1354 863 1377 cum
890 1340 1028 1376 salariis
1052 1340 1211 1376 eiusdem
1239 1339 1347 1375 officii
1376 1339 1486 1376 solitis
1514 1345 1550 1375 et
1572 1339 1752 1375 consuetis
1773 1339 1932 1375 conferri

359 1423 394 1451 et
413 1413 582 1461 assignari
601 1420 636 1448 et
654 1424 721 1460 per
738 1410 854 1458 ipsum
874 1409 1095 1445 confratrem
1118 1408 1272 1456 desuper
1300 1408 1509 1455 eligendum
1538 1408 1735 1444 secundum
1755 1408 1934 1444 difitorum

357 1483 528 1533 prepositi
560 1488 596 1517 et
627 1479 954 1528 prebendariorum
988 1477 1181 1514 arbitrium
1217 1477 1402 1513 obseruari
1439 1489 1481 1512 ac
1514 1476 1594 1524 regi
1630 1477 1667 1512 in
1704 1476 1865 1512 futurum
1898 1484 1934 1511 et

356 1550 555 1601 gubernari
574 1571 580 1577 -
603 1550 652 1585 Et
670 1548 739 1584 hec
758 1547 881 1582 omnia
899 1553 935 1582 et
954 1546 1096 1594 singula
1115 1546 1283 1582 omnibus
1305 1552 1341 1582 et
1361 1545 1508 1594 singulis
1527 1558 1681 1592 quorum
1702 1544 1852 1581 interest
1871 1552 1931 1580 aut

356 1619 520 1656 interesse
550 1618 686 1666 poterit
717 1615 992 1664 quomodolibet
1024 1615 1059 1650 in
1092 1614 1253 1651 futurum
1284 1620 1411 1650 notum
1440 1614 1593 1650 facimus
1622 1626 1688 1661 per
1719 1613 1906 1660 presentes
1925 1635 1931 1641 ·

359 1689 606 1735 Subscriptum
633 1698 699 1733 per
726 1697 792 1720 nos
818 1684 1039 1733 prepositum
1067 1689 1101 1719 et
1128 1683 1392 1731 prebendarios
1420 1683 1527 1730 supra
1554 1688 1590 1718 et
1614 1681 1833 1729 subscriptos
1851 1682 1932 1717 loco

358 1771 453 1794 anno
472 1757 593 1792 mense
613 1761 649 1791 et
668 1754 726 1791 die
747 1754 877 1802 quibus
897 1754 1011 1801 supra.

457 1825 663 1861 JOHANNES
683 1823 897 1859 DINGWALL
916 1822 978 1869 qui
998 1821 1104 1868 supra
1235 1820 1442 1855 JOHANNES
1462 1819 1623 1855 LETHAN
1643 1819 1880 1854 subdecanus.

362 2016 520 2068 ACTUM
541 2033 576 2064 20
596 2028 688 2064 Maii
708 2040 805 2064 anno
824 2026 975 2063 Domini
996 2025 1183 2062 millefimo
1203 2025 1492 2073 quingentesimo
1512 2023 1683 2073 vigesimo
1701 2036 1799 2059 nono
1819 2045 1826 2052 ·
1848 2024 1931 2067 Quo

361 2099 418 2134 die
433 2098 602 2133 dominus
614 2096 809 2133 Michaelis
821 2095 956 2131 Disard
973 2094 1236 2142 suprascriptus
1256 2093 1486 2130 causantibus
1501 2093 1570 2129 suis
1584 2093 1817 2141 negligencia
1829 2098 1864 2128 et
1879 2092 1930 2127 in-

362 2167 463 2202 curia
481 2166 663 2201 resecatus
681 2170 841 2200 remotus
861 2169 898 2199 et
920 2162 1105 2210 suspensus
1124 2162 1169 2198 ab
1194 2162 1312 2198 officio
1330 2161 1530 2198 sacristarie
1550 2162 1747 2197 secundum
1766 2167 1930 2196 tenorem

362 2235 430 2270 atti
449 2233 681 2281 suprascripti
700 2232 820 2268 existit
839 2239 876 2268 et
894 2231 1064 2267 dominus
1080 2230 1294 2266 Alexander
1310 2230 1454 2266 Talifar
1471 2230 1657 2266 institutus
1676 2229 1728 2265 est
1746 2229 1783 2264 in
1803 2229 1930 2264 eodem

365 2303 480 2338 officio
498 2303 653 2338 durante
671 2301 860 2336 voluntate
880 2306 916 2336 et
933 2299 1166 2348 beneplacito
1184 2299 1356 2347 prepositi
1375 2306 1411 2335 et
1430 2299 1580 2346 capituli
1594 2297 1753 2346 predffle
1768 2296 1930 2332 ecclesie.

366 2370 499 2405 Aecum
527 2371 623 2417 apud
650 2369 843 2417 collegium
870 2368 1153 2416 suprascriptum
1175 2389 1182 2396 ·
1208 2367 1292 2411 Quo
1320 2367 1379 2403 die
1405 2366 1607 2415 prepositus
1634 2371 1670 2401 et
1696 2365 1930 2412 prebendarii

368 2437 511 2485 collegii
527 2437 749 2473 Sanffiffime
763 2437 959 2473 Trinitatis
973 2449 1086 2485 prope
1101 2436 1274 2484 oppidum
1290 2434 1494 2482 Edinburgi
1509 2433 1767 2469 Sanffiandree
1783 2432 1933 2468 diocesis
