2147 2964
541 289 754 327 SANCTE
782 289 1100 327 TRINITATIS
1128 290 1199 326 DE
1226 289 1561 327 EDINBURGH.
1768 294 1829 326 101

414 389 494 425 Hec
531 390 583 426 est
617 403 704 426 vcra
740 389 845 437 copia
881 390 1026 437 copiata
1060 402 1126 437 per
1161 401 1218 424 me
1245 388 1270 424 J
1274 388 1455 424 ohannem
1487 389 1565 425 Ker
1594 388 1835 425 Morauienfis

464 458 615 494 diocesis
634 458 872 506 presbiterum
893 458 993 493 sacra
1009 457 1224 494 auetoritate
1239 456 1439 504 apostoliea
1452 457 1633 492 notarium
1649 457 1832 504 publicum

461 527 525 562 nill
546 527 716 562 addendo
735 539 803 561 nec
823 527 1020 561 minuendo
1039 532 1108 562 etc.
1137 525 1200 559 sub
1222 524 1278 559 his
1297 524 1385 559 meis
1405 524 1588 572 signatura
1607 530 1642 560 et
1663 525 1833 573 subscrip-

462 594 566 629 cione
585 594 825 629 manualibus.

460 661 652 698 Johannes
668 661 746 697 Ker
761 661 819 707 qui
837 667 873 696 vt
887 661 995 708 supra
1011 661 1048 695 in
1064 661 1172 696 fidem
1188 666 1224 696 et
1236 660 1482 696 testimonium
1498 661 1688 708 requisitus
1703 682 1709 689 -
1725 666 1831 698 1531.

263 808 415 856 Capella
435 809 480 845 de
501 808 633 846 Soltre.

149 939 195 971 32
260 916 496 971 Vmumzffls
513 961 520 969 .
544 961 551 969 .
570 961 578 968 .
592 933 784 970 Johannes
798 932 985 981 Dingwall
1006 960 1013 968 .
1036 960 1042 967 .
1064 959 1071 967 .
1093 933 1242 968 ecclesie
1262 932 1455 980 collegiate
1473 932 1694 969 Sanffiffime
1711 934 1831 970 Trini-

260 1001 345 1037 tatis
365 1029 372 1037 .
395 1029 402 1037 .
425 1029 433 1037 .
452 1001 653 1050 prepositus
680 1002 830 1038 salutem
853 1029 860 1037 .
882 1029 890 1037 .
913 1029 920 1036 .
943 1000 1167 1038 Clericatum
1202 1001 1422 1049 parochialis
1455 1001 1604 1038 ecclesie
1634 1003 1678 1038 dc
1711 1002 1830 1039 Soltre

261 1097 269 1105 .
287 1097 295 1104 .
312 1098 319 1104 .
334 1082 479 1106 necnon
499 1070 739 1117 pecuniarum
765 1071 919 1106 summas
944 1083 986 1105 ac
1009 1075 1126 1105 terras
1146 1076 1181 1105 et
1200 1070 1273 1106 alia
1290 1071 1388 1106 bona
1406 1071 1451 1106 de
1469 1070 1688 1118 patrimonio
1708 1071 1830 1106 nostro

257 1138 397 1186 prefate
416 1138 566 1175 ecclefie
586 1140 631 1175 de
653 1138 774 1175 Soltre
794 1139 840 1174 ad
859 1139 1015 1174 eundem
1034 1137 1228 1186 affignatas
1246 1138 1284 1174 in
1305 1139 1546 1187 capellaniam
1566 1139 1660 1175 dicte
1680 1140 1829 1176 ecclesie

258 1206 303 1242 de
320 1206 441 1243 Soltre
460 1207 549 1243 alias
567 1207 757 1244 fundatam
777 1235 784 1243 .
801 1236 808 1243 .
825 1236 831 1242 .
848 1212 1039 1243 vacantem
1058 1219 1123 1255 per
1137 1207 1275 1243 obitum
1295 1208 1479 1254 quondam
1496 1208 1635 1244 domini
1649 1208 1674 1244 ,J
1677 1208 1830 1245 ohannis

257 1274 396 1324 Fyldar
426 1275 617 1323 presbiteri
638 1304 645 1311 .
666 1304 673 1311 .
696 1304 703 1311 .
725 1276 873 1311 domino
903 1275 1079 1311 Eduardo
1109 1276 1204 1312 Reid
1233 1276 1434 1324 presbitero
1466 1277 1529 1313 sub
1559 1283 1685 1313 tenore
1706 1306 1713 1313 .
1736 1306 1743 1313 .
1765 1306 1772 1313 .
1793 1285 1829 1315 et

256 1344 421 1380 articulis
440 1344 646 1392 subscriptis
667 1345 903 1381 eonceffimus
924 1372 931 1379 .
954 1372 960 1379 .
984 1372 991 1380 .
1013 1344 1057 1380 In
1083 1345 1209 1393 primis
1236 1357 1303 1392 pro
1329 1345 1593 1382 sustentacione
1611 1346 1672 1381 sua
1689 1359 1732 1382 ac
1751 1347 1830 1382 aliis

257 1413 320 1448 fibi
339 1414 490 1449 annexis
509 1419 545 1449 et
565 1414 739 1449 connexis
757 1413 905 1449 habebit
924 1413 1111 1449 annuatim
1131 1413 1167 1448 in
1187 1413 1352 1449 terminis
1376 1413 1486 1449 solitis
1506 1420 1541 1449 et
1560 1415 1737 1450 consuetis
1757 1421 1830 1450 tres

255 1481 387 1517 solidos
406 1488 442 1518 te
461 1487 561 1518 terra
579 1483 763 1530 quondam
782 1481 882 1529 Frog
908 1481 1051 1517 iacente
1077 1481 1116 1516 in
1136 1481 1224 1517 villa
1242 1482 1287 1517 de
1306 1481 1549 1530 Muffilburgh
1572 1483 1610 1517 in
1629 1483 1665 1530 ly
1686 1482 1724 1518 N
1726 1483 1829 1518 eddir

256 1550 366 1586 Rawe
393 1550 550 1587 eiusdem
577 1564 643 1599 pro
671 1563 794 1586 annuo
823 1551 970 1586 redditu
991 1573 998 1580 ·
1018 1550 1109 1586 Item
1137 1550 1194 1586 sex
1222 1550 1354 1586 solidos
1381 1556 1417 1586 et
1439 1553 1517 1586 oao
1539 1551 1708 1586 denarios
1726 1551 1828 1586 firme

259 1618 320 1667 [de
340 1619 456 1667 terra]
478 1619 623 1655 iacente
643 1620 678 1654 in
699 1619 786 1655 villa
805 1619 850 1654 de
871 1618 1078 1655 Cranstoun
1099 1639 1105 1646 ·
1125 1617 1218 1654 Item
1238 1619 1373 1666 septem
1397 1619 1529 1654 solidos
1547 1619 1649 1654 firme
1669 1619 1713 1654 de
1730 1624 1829 1654 terra

255 1686 339 1722 Leis
366 1687 509 1723 iacente
536 1688 574 1723 in
604 1687 757 1724 Saltoun
778 1710 785 1717 ·
805 1687 899 1723 Item
931 1700 1038 1722 vnam
1065 1686 1196 1722 libram
1222 1687 1267 1722 de
1286 1688 1439 1735 cuming
1456 1687 1558 1722 firme
1581 1686 1760 1722 iacentem
1789 1687 1826 1722 in

256 1754 499 1802 Hadingtoun
527 1756 572 1791 de
600 1762 699 1791 terra
718 1755 885 1791 Diksoun
906 1775 913 1781 ·
933 1754 1026 1790 Item
1054 1767 1185 1789 nouem
1212 1755 1382 1790 denarios
1409 1755 1510 1789 firme
1528 1754 1565 1789 in
1586 1753 1827 1802 Hadingtoun

255 1824 300 1859 de
332 1829 432 1860 terra
463 1823 698 1872 Keringtoun
723 1823 843 1859 -Item
875 1824 920 1859 de
953 1822 1190 1859 Mercerland
1221 1835 1353 1858 nouem
1384 1822 1554 1857 denarios
1584 1821 1687 1857 firme
1706 1843 1713 1850 -
1734 1821 1826 1858 Item

256 1892 382 1928 decem
413 1891 545 1927 solidos
577 1898 613 1928 et
643 1892 734 1927 duos
762 1904 918 1939 capones
946 1891 985 1926 in
1014 1891 1100 1926 villa
1128 1890 1357 1926 Duncanlaw
1385 1891 1429 1926 de
1457 1896 1555 1925 terra
1581 1890 1739 1926 affedata
1761 1903 1828 1938 pro

255 1961 360 1996 firma
378 1982 385 1989 ·
406 1959 499 1996 Item
519 1959 728 2006 quindecim
747 1959 880 1994 solidos
899 1959 1109 1995 feodefirme
1132 1959 1297 1994 redditus
1323 1958 1362 1993 in
1383 1958 1688 2006 Quhittinghame
1708 1982 1714 1989 ·
1737 1958 1827 1995 Item

257 2030 315 2064 sex
330 2028 462 2064 solidos
482 2035 518 2064 ct
535 2031 615 2063 ouo
634 2028 805 2064 denarios
825 2028 869 2063 de
888 2033 987 2063 terra
1006 2027 1150 2063 iacente
1167 2027 1202 2062 in
1223 2027 1417 2074 Langtoun
1438 2026 1595 2061 affedata
1612 2039 1679 2074 pro
1698 2027 1802 2063 firma
1820 2051 1827 2057 ·

259 2096 352 2133 Item
383 2098 440 2132 sex
470 2096 602 2132 solidos
634 2102 670 2131 et
700 2097 779 2130 octo
805 2096 975 2131 denarios
1002 2095 1038 2130 in
1065 2095 1152 2131 villa
1177 2096 1222 2130 de
1241 2094 1348 2130 Duns
1377 2095 1422 2130 de
1451 2101 1550 2130 terra
1578 2094 1735 2131 affedata
1761 2108 1828 2143 pro

259 2166 364 2201 firma
394 2185 402 2192 ·
433 2164 525 2200 Item
557 2163 843 2211 quatuordecem
875 2163 1006 2199 solidos
1036 2164 1073 2198 in
1106 2163 1286 2198 Maxtoun
1316 2175 1383 2209 pro
1413 2162 1518 2198 firma
1544 2182 1550 2189 ·
1578 2162 1670 2198 Item
1703 2164 1827 2199 decem

260 2233 390 2269 solidos
417 2233 454 2268 in
475 2233 609 2268 Hawik
631 2245 696 2281 pro
722 2232 851 2267 firma·
872 2231 965 2267 Item
993 2231 1123 2279 viginti
1151 2236 1307 2278 quatuor
1334 2243 1491 2278 capones
1519 2237 1554 2267 et
1582 2232 1671 2267 duos
1698 2232 1828 2268 solidos

261 2302 296 2337 in
326 2301 567 2337 Innerlethan
596 2313 661 2349 pro
690 2300 796 2335 firma
814 2320 821 2328 ·
842 2299 935 2335 Item
965 2299 1126 2346 quinque
1155 2299 1286 2334 solidos
1317 2299 1354 2334 in
1382 2299 1470 2335 villa
1497 2300 1542 2335 de
1566 2299 1827 2336 Nortbberwik

264 2370 374 2406 annui
399 2370 563 2406 redditus
581 2370 626 2405 de
651 2376 752 2405 terra
770 2368 1018 2404 Richardsone
1037 2389 1045 2396 ·
1064 2368 1155 2403 Item
1183 2367 1344 2415 quinque
1372 2367 1503 2403 solidos
1530 2368 1568 2403 in
1594 2368 1721 2404 eadem
1741 2369 1828 2405 villa

266 2439 310 2474 de
337 2439 445 2475 terris
472 2438 610 2474 domini
638 2437 834 2485 Langtoun
861 2436 973 2472 annui
1000 2435 1163 2471 redditus
1183 2456 1190 2463 ·
1210 2434 1302 2471 Item
1331 2436 1491 2483 quinque
1518 2435 1651 2472 solidos
1677 2436 1715 2472 in
1741 2436 1827 2472 villa
