<?xml version="1.0" encoding="UTF-8"?>
<!DOCTYPE html PUBLIC "-//W3C//DTD XHTML 1.0 Transitional//EN"
    "http://www.w3.org/TR/xhtml1/DTD/xhtml1-transitional.dtd">
<html xmlns="http://www.w3.org/1999/xhtml" xml:lang="en" lang="en">
 <head>
  <title>
</title>
<meta http-equiv="Content-Type" content="text/html;charset=utf-8" />
  <meta name='ocr-system' content='tesseract 3.04.00' />
  <meta name='ocr-capabilities' content='ocr_page ocr_carea ocr_par ocr_line ocrx_word'/>
</head>
<body>
  <div class='ocr_page' id='page_1' title='image "./registrumdomusde00lain_0310.png"; bbox 0 0 2147 2964; ppageno 0'>
   <div class='ocr_carea' id='block_1_1' title="bbox 215 445 258 479">
    <p class='ocr_par' dir='ltr' id='par_1_1' title="bbox 215 445 258 479">
     <span class='ocr_line' id='line_1_1' title="bbox 215 445 258 479; baseline 0.07 -3"><span class='ocrx_word' id='word_1_1' title='bbox 215 445 258 479; x_wconf 77' lang='lat'>87</span> 
     </span>
    </p>
   </div>
   <div class='ocr_carea' id='block_1_2' title="bbox 230 1747 275 1778">
    <p class='ocr_par' dir='ltr' id='par_1_2' title="bbox 230 1747 275 1778">
     <span class='ocr_line' id='line_1_2' title="bbox 230 1747 275 1778; baseline 0 0"><span class='ocrx_word' id='word_1_2' title='bbox 230 1747 275 1778; x_wconf 69' lang='lat'>88</span> 
     </span>
    </p>
   </div>
   <div class='ocr_carea' id='block_1_3' title="bbox 232 1945 276 1980">
    <p class='ocr_par' dir='ltr' id='par_1_3' title="bbox 232 1945 276 1980">
     <span class='ocr_line' id='line_1_3' title="bbox 232 1945 276 1980; baseline -0.114 1"><span class='ocrx_word' id='word_1_3' title='bbox 232 1945 276 1980; x_wconf 67' lang='grc'>39</span> 
     </span>
    </p>
   </div>
   <div class='ocr_carea' id='block_1_4' title="bbox 329 269 1596 310">
    <p class='ocr_par' dir='ltr' id='par_1_4' title="bbox 329 269 1596 310">
     <span class='ocr_line' id='line_1_4' title="bbox 329 269 1596 310; baseline -0.004 0"><span class='ocrx_word' id='word_1_4' title='bbox 329 278 398 310; x_wconf 76' lang='lat'>134</span> <span class='ocrx_word' id='word_1_5' title='bbox 624 269 943 309; x_wconf 87' lang='lat' dir='ltr'>REGISTRUM</span> <span class='ocrx_word' id='word_1_6' title='bbox 970 269 1223 307; x_wconf 87' lang='lat' dir='ltr'>ECCLESIE</span> <span class='ocrx_word' id='word_1_7' title='bbox 1252 269 1596 307; x_wconf 87' lang='lat' dir='ltr'>COLLEGIATE</span> 
     </span>
    </p>
   </div>
   <div class='ocr_carea' id='block_1_5' title="bbox 330 426 1914 1304">
    <p class='ocr_par' dir='ltr' id='par_1_5' title="bbox 330 426 1914 1304">
     <span class='ocr_line' id='line_1_5' title="bbox 331 426 1909 488; baseline -0.004 -10"><span class='ocrx_word' id='word_1_8' title='bbox 331 426 593 479; x_wconf 75' lang='lat' dir='ltr'>ALEXANDER</span> <span class='ocrx_word' id='word_1_9' title='bbox 614 439 837 488; x_wconf 87' lang='lat' dir='ltr'>Henrysoun</span> <span class='ocrx_word' id='word_1_10' title='bbox 855 437 1027 486; x_wconf 84' lang='lat' dir='ltr'>magister</span> <span class='ocrx_word' id='word_1_11' title='bbox 1046 437 1235 485; x_wconf 86' lang='lat' dir='ltr'>hospitalis</span> <span class='ocrx_word' id='word_1_12' title='bbox 1254 437 1438 473; x_wconf 81' lang='lat' dir='ltr'>Patricius</span> <span class='ocrx_word' id='word_1_13' title='bbox 1459 436 1617 486; x_wconf 82' lang='lat' dir='ltr'>Spruyle</span> <span class='ocrx_word' id='word_1_14' title='bbox 1637 435 1785 472; x_wconf 84' lang='lat' dir='ltr'>sacrista</span> <span class='ocrx_word' id='word_1_15' title='bbox 1799 435 1825 472; x_wconf 85' lang='lat' dir='ltr'>J</span> <span class='ocrx_word' id='word_1_16' title='bbox 1828 449 1909 472; x_wconf 88' lang='lat' dir='ltr'>aco··</span> 
     </span>
     <span class='ocr_line' id='line_1_6' title="bbox 330 504 1910 557; baseline -0.003 -12"><span class='ocrx_word' id='word_1_17' title='bbox 330 511 396 545; x_wconf 88' lang='lat' dir='ltr'>bus</span> <span class='ocrx_word' id='word_1_18' title='bbox 416 508 639 557; x_wconf 86' lang='lat' dir='ltr'>Henrysoun</span> <span class='ocrx_word' id='word_1_19' title='bbox 667 507 935 556; x_wconf 78' lang='lat' dir='ltr'>prebendarius</span> <span class='ocrx_word' id='word_1_20' title='bbox 955 507 1000 542; x_wconf 90' lang='lat' dir='ltr'>de</span> <span class='ocrx_word' id='word_1_21' title='bbox 1020 506 1276 542; x_wconf 87' lang='lat' dir='ltr'>Broderstanis</span> <span class='ocrx_word' id='word_1_22' title='bbox 1303 512 1339 542; x_wconf 91' lang='lat' dir='ltr'>et</span> <span class='ocrx_word' id='word_1_23' title='bbox 1366 505 1536 554; x_wconf 86' lang='lat' dir='ltr'>magister</span> <span class='ocrx_word' id='word_1_24' title='bbox 1556 505 1765 542; x_wconf 88' lang='lat' dir='ltr'>Gulielmus</span> <span class='ocrx_word' id='word_1_25' title='bbox 1784 504 1910 541; x_wconf 89' lang='lat' dir='ltr'>Auch-</span> 
     </span>
     <span class='ocr_line' id='line_1_7' title="bbox 332 573 1910 625; baseline -0.003 -12"><span class='ocrx_word' id='word_1_26' title='bbox 332 577 516 613; x_wconf 86' lang='lat' dir='ltr'>inmowtie</span> <span class='ocrx_word' id='word_1_27' title='bbox 543 576 810 625; x_wconf 79' lang='lat' dir='ltr'>prebendarius</span> <span class='ocrx_word' id='word_1_28' title='bbox 838 576 883 611; x_wconf 90' lang='lat' dir='ltr'>de</span> <span class='ocrx_word' id='word_1_29' title='bbox 913 574 1209 623; x_wconf 85' lang='lat' dir='ltr'>Strethmartyne</span> <span class='ocrx_word' id='word_1_30' title='bbox 1236 576 1396 610; x_wconf 46' lang='lat' dir='ltr'>restores</span> <span class='ocrx_word' id='word_1_31' title='bbox 1422 573 1573 610; x_wconf 87' lang='lat' dir='ltr'>ecclesie</span> <span class='ocrx_word' id='word_1_32' title='bbox 1600 573 1845 622; x_wconf 81' lang='lat' dir='ltr'>parrochialis</span> <span class='ocrx_word' id='word_1_33' title='bbox 1865 573 1910 609; x_wconf 89' lang='lat' dir='ltr'>de</span> 
     </span>
     <span class='ocr_line' id='line_1_8' title="bbox 336 642 1909 690; baseline -0.004 -7"><span class='ocrx_word' id='word_1_34' title='bbox 336 646 568 683; x_wconf 87' lang='lat' dir='ltr'>Stricmartin</span> <span class='ocrx_word' id='word_1_35' title='bbox 583 645 735 682; x_wconf 89' lang='lat' dir='ltr'>diocesis</span> <span class='ocrx_word' id='word_1_36' title='bbox 752 644 1014 680; x_wconf 62' lang='lat' dir='ltr'>Sanaiandree</span> <span class='ocrx_word' id='word_1_37' title='bbox 1030 657 1113 681; x_wconf 89' lang='lat' dir='ltr'>cum</span> <span class='ocrx_word' id='word_1_38' title='bbox 1133 642 1308 679; x_wconf 89' lang='lat' dir='ltr'>consensu</span> <span class='ocrx_word' id='word_1_39' title='bbox 1327 643 1482 679; x_wconf 88' lang='lat' dir='ltr'>aliorum</span> <span class='ocrx_word' id='word_1_40' title='bbox 1501 642 1829 690; x_wconf 86' lang='lat' dir='ltr'>prebendariorum</span> <span class='ocrx_word' id='word_1_41' title='bbox 1843 655 1909 690; x_wconf 90' lang='lat' dir='ltr'>pro</span> 
     </span>
     <span class='ocr_line' id='line_1_9' title="bbox 334 710 1910 763; baseline -0.003 -12"><span class='ocrx_word' id='word_1_42' title='bbox 334 715 485 751; x_wconf 88' lang='lat' dir='ltr'>diuersis</span> <span class='ocrx_word' id='word_1_43' title='bbox 504 714 790 763; x_wconf 83' lang='lat' dir='ltr'>gratitudinibus</span> <span class='ocrx_word' id='word_1_44' title='bbox 810 713 966 760; x_wconf 85' lang='lat' dir='ltr'>collegio</span> <span class='ocrx_word' id='word_1_45' title='bbox 985 711 1155 760; x_wconf 89' lang='lat' dir='ltr'>impensis</span> <span class='ocrx_word' id='word_1_46' title='bbox 1173 724 1239 760; x_wconf 90' lang='lat' dir='ltr'>per</span> <span class='ocrx_word' id='word_1_47' title='bbox 1252 710 1466 759; x_wconf 84' lang='lat' dir='ltr'>magistrum</span> <span class='ocrx_word' id='word_1_48' title='bbox 1482 711 1683 747; x_wconf 86' lang='lat' dir='ltr'>Robertum</span> <span class='ocrx_word' id='word_1_49' title='bbox 1699 710 1812 746; x_wconf 86' lang='lat' dir='ltr'>Pontt</span> <span class='ocrx_word' id='word_1_50' title='bbox 1829 723 1910 758; x_wconf 87' lang='lat' dir='ltr'>pre·</span> 
     </span>
     <span class='ocr_line' id='line_1_10' title="bbox 334 779 1909 832; baseline -0.004 -12"><span class='ocrx_word' id='word_1_51' title='bbox 334 785 487 832; x_wconf 87' lang='lat' dir='ltr'>positum</span> <span class='ocrx_word' id='word_1_52' title='bbox 501 789 643 831; x_wconf 87' lang='lat' dir='ltr'>patrem</span> <span class='ocrx_word' id='word_1_53' title='bbox 659 781 847 818; x_wconf 83' lang='lat' dir='ltr'>Timothei</span> <span class='ocrx_word' id='word_1_54' title='bbox 861 781 959 817; x_wconf 89' lang='lat' dir='ltr'>Pont</span> <span class='ocrx_word' id='word_1_55' title='bbox 974 786 1010 817; x_wconf 89' lang='lat' dir='ltr'>et</span> <span class='ocrx_word' id='word_1_56' title='bbox 1026 793 1094 828; x_wconf 91' lang='lat' dir='ltr'>pro</span> <span class='ocrx_word' id='word_1_57' title='bbox 1111 780 1267 828; x_wconf 84' lang='lat' dir='ltr'>quadam</span> <span class='ocrx_word' id='word_1_58' title='bbox 1283 779 1439 828; x_wconf 86' lang='lat' dir='ltr'>pecunie</span> <span class='ocrx_word' id='word_1_59' title='bbox 1454 780 1592 815; x_wconf 90' lang='lat' dir='ltr'>summa</span> <span class='ocrx_word' id='word_1_60' title='bbox 1606 780 1652 814; x_wconf 84' lang='lat' dir='ltr'>ad</span> <span class='ocrx_word' id='word_1_61' title='bbox 1668 779 1909 814; x_wconf 85' lang='lat' dir='ltr'>feudifirmam</span> 
     </span>
     <span class='ocr_line' id='line_1_11' title="bbox 335 846 1911 900; baseline -0.004 -12"><span class='ocrx_word' id='word_1_62' title='bbox 335 853 524 888; x_wconf 87' lang='lat' dir='ltr'>dimittunt</span> <span class='ocrx_word' id='word_1_63' title='bbox 543 851 685 900; x_wconf 86' lang='lat' dir='ltr'>prefato</span> <span class='ocrx_word' id='word_1_64' title='bbox 701 850 898 886; x_wconf 84' lang='lat' dir='ltr'>Timotheo</span> <span class='ocrx_word' id='word_1_65' title='bbox 914 855 950 886; x_wconf 86' lang='lat' dir='ltr'>et</span> <span class='ocrx_word' id='word_1_66' title='bbox 964 849 1035 885; x_wconf 90' lang='lat' dir='ltr'>suis</span> <span class='ocrx_word' id='word_1_67' title='bbox 1052 848 1248 884; x_wconf 85' lang='lat' dir='ltr'>heredibus</span> <span class='ocrx_word' id='word_1_68' title='bbox 1262 853 1298 884; x_wconf 88' lang='lat' dir='ltr'>et</span> <span class='ocrx_word' id='word_1_69' title='bbox 1317 847 1501 895; x_wconf 83' lang='lat' dir='ltr'>affignatis</span> <span class='ocrx_word' id='word_1_70' title='bbox 1517 853 1635 884; x_wconf 88' lang='lat' dir='ltr'>terras</span> <span class='ocrx_word' id='word_1_71' title='bbox 1652 846 1911 883; x_wconf 80' lang='lat' dir='ltr'>ecclesiasticas</span> 
     </span>
     <span class='ocr_line' id='line_1_12' title="bbox 335 915 1911 969; baseline -0.004 -12"><span class='ocrx_word' id='word_1_72' title='bbox 335 920 576 969; x_wconf 81' lang='lat' dir='ltr'>parrochialis</span> <span class='ocrx_word' id='word_1_73' title='bbox 594 919 744 955; x_wconf 76' lang='lat' dir='ltr'>ecclesie</span> <span class='ocrx_word' id='word_1_74' title='bbox 764 919 809 954; x_wconf 89' lang='lat' dir='ltr'>de</span> <span class='ocrx_word' id='word_1_75' title='bbox 831 917 1128 965; x_wconf 85' lang='lat' dir='ltr'>Strethmartyne</span> <span class='ocrx_word' id='word_1_76' title='bbox 1150 922 1268 952; x_wconf 87' lang='lat' dir='ltr'>terras</span> <span class='ocrx_word' id='word_1_77' title='bbox 1288 917 1333 952; x_wconf 89' lang='lat' dir='ltr'>de</span> <span class='ocrx_word' id='word_1_78' title='bbox 1352 916 1581 964; x_wconf 87' lang='lat' dir='ltr'>Pentempen</span> <span class='ocrx_word' id='word_1_79' title='bbox 1600 915 1801 963; x_wconf 82' lang='lat' dir='ltr'>vulgariter</span> <span class='ocrx_word' id='word_1_80' title='bbox 1819 929 1911 952; x_wconf 91' lang='lat' dir='ltr'>nun-</span> 
     </span>
     <span class='ocr_line' id='line_1_13' title="bbox 336 984 1912 1038; baseline -0.004 -12"><span class='ocrx_word' id='word_1_81' title='bbox 336 996 486 1038; x_wconf 85' lang='lat' dir='ltr'>cupatas</span> <span class='ocrx_word' id='word_1_82' title='bbox 506 1001 587 1025; x_wconf 87' lang='lat' dir='ltr'>cum</span> <span class='ocrx_word' id='word_1_83' title='bbox 607 987 759 1023; x_wconf 88' lang='lat' dir='ltr'>decimis</span> <span class='ocrx_word' id='word_1_84' title='bbox 778 986 990 1034; x_wconf 82' lang='lat' dir='ltr'>garbalibus</span> <span class='ocrx_word' id='word_1_85' title='bbox 1016 985 1165 1021; x_wconf 86' lang='lat' dir='ltr'>inclusis</span> <span class='ocrx_word' id='word_1_86' title='bbox 1189 998 1377 1032; x_wconf 84' lang='lat' dir='ltr'>nunquam</span> <span class='ocrx_word' id='word_1_87' title='bbox 1404 985 1506 1032; x_wconf 89' lang='lat' dir='ltr'>prius</span> <span class='ocrx_word' id='word_1_88' title='bbox 1525 998 1546 1020; x_wconf 89' lang='lat' dir='ltr'>a</span> <span class='ocrx_word' id='word_1_89' title='bbox 1564 984 1668 1020; x_wconf 61' lang='lat' dir='ltr'>dietis</span> <span class='ocrx_word' id='word_1_90' title='bbox 1688 985 1794 1020; x_wconf 85' lang='lat' dir='ltr'>terris</span> <span class='ocrx_word' id='word_1_91' title='bbox 1813 985 1912 1032; x_wconf 86' lang='lat' dir='ltr'>sepa-</span> 
     </span>
     <span class='ocr_line' id='line_1_14' title="bbox 336 1052 1911 1101; baseline -0.004 -7"><span class='ocrx_word' id='word_1_92' title='bbox 336 1059 411 1094; x_wconf 83' lang='lat' dir='ltr'>rari</span> <span class='ocrx_word' id='word_1_93' title='bbox 439 1057 552 1094; x_wconf 86' lang='lat' dir='ltr'>solitis</span> <span class='ocrx_word' id='word_1_94' title='bbox 579 1057 741 1093; x_wconf 87' lang='lat' dir='ltr'>iacentes</span> <span class='ocrx_word' id='word_1_95' title='bbox 768 1056 806 1091; x_wconf 93' lang='lat' dir='ltr'>in</span> <span class='ocrx_word' id='word_1_96' title='bbox 834 1055 1022 1091; x_wconf 87' lang='lat' dir='ltr'>territorio</span> <span class='ocrx_word' id='word_1_97' title='bbox 1049 1055 1094 1090; x_wconf 91' lang='lat' dir='ltr'>de</span> <span class='ocrx_word' id='word_1_98' title='bbox 1124 1052 1397 1101; x_wconf 83' lang='lat' dir='ltr'>Strethmartyn</span> <span class='ocrx_word' id='word_1_99' title='bbox 1425 1053 1524 1088; x_wconf 87' lang='lat' dir='ltr'>infra</span> <span class='ocrx_word' id='word_1_100' title='bbox 1546 1053 1843 1089; x_wconf 83' lang='lat' dir='ltr'>vicecomitatum</span> <span class='ocrx_word' id='word_1_101' title='bbox 1866 1054 1911 1089; x_wconf 90' lang='lat' dir='ltr'>de</span> 
     </span>
     <span class='ocr_line' id='line_1_15' title="bbox 337 1120 1911 1168; baseline -0.004 -6"><span class='ocrx_word' id='word_1_102' title='bbox 337 1126 482 1162; x_wconf 88' lang='lat' dir='ltr'>Forfair</span> <span class='ocrx_word' id='word_1_103' title='bbox 502 1146 508 1152; x_wconf 95' lang='lat'>·</span> <span class='ocrx_word' id='word_1_104' title='bbox 528 1124 733 1160; x_wconf 86' lang='lat' dir='ltr'>Reddendo</span> <span class='ocrx_word' id='word_1_105' title='bbox 766 1123 956 1159; x_wconf 84' lang='lat' dir='ltr'>annuatim</span> <span class='ocrx_word' id='word_1_106' title='bbox 987 1123 1047 1158; x_wconf 83' lang='lat' dir='ltr'>sex</span> <span class='ocrx_word' id='word_1_107' title='bbox 1079 1122 1190 1157; x_wconf 88' lang='lat' dir='ltr'>libras</span> <span class='ocrx_word' id='word_1_108' title='bbox 1224 1120 1356 1156; x_wconf 82' lang='lat' dir='ltr'>vsualis</span> <span class='ocrx_word' id='word_1_109' title='bbox 1387 1127 1534 1157; x_wconf 87' lang='lat' dir='ltr'>monete</span> <span class='ocrx_word' id='word_1_110' title='bbox 1565 1126 1739 1168; x_wconf 82' lang='lat' dir='ltr'>tanquam</span> <span class='ocrx_word' id='word_1_111' title='bbox 1771 1121 1911 1157; x_wconf 84' lang='lat' dir='ltr'>firmam</span> 
     </span>
     <span class='ocr_line' id='line_1_16' title="bbox 337 1188 1913 1241; baseline -0.003 -11"><span class='ocrx_word' id='word_1_112' title='bbox 337 1195 524 1241; x_wconf 85' lang='lat' dir='ltr'>antiquam</span> <span class='ocrx_word' id='word_1_113' title='bbox 554 1205 700 1228; x_wconf 91' lang='lat' dir='ltr'>necnon</span> <span class='ocrx_word' id='word_1_114' title='bbox 731 1192 858 1227; x_wconf 86' lang='lat' dir='ltr'>decem</span> <span class='ocrx_word' id='word_1_115' title='bbox 886 1191 1019 1226; x_wconf 88' lang='lat' dir='ltr'>solidos</span> <span class='ocrx_word' id='word_1_116' title='bbox 1050 1190 1087 1225; x_wconf 89' lang='lat' dir='ltr'>in</span> <span class='ocrx_word' id='word_1_117' title='bbox 1116 1188 1456 1237; x_wconf 80' lang='lat' dir='ltr'>augmentacionem</span> <span class='ocrx_word' id='word_1_118' title='bbox 1486 1189 1637 1224; x_wconf 83' lang='lat' dir='ltr'>rentalis</span> <span class='ocrx_word' id='word_1_119' title='bbox 1655 1209 1663 1216; x_wconf 93' lang='lat'><strong>·</strong></span> <span class='ocrx_word' id='word_1_120' title='bbox 1682 1195 1718 1225; x_wconf 89' lang='lat' dir='ltr'>et</span> <span class='ocrx_word' id='word_1_121' title='bbox 1744 1189 1913 1226; x_wconf 89' lang='lat' dir='ltr'>habendo</span> 
     </span>
     <span class='ocr_line' id='line_1_17' title="bbox 338 1256 1914 1304; baseline -0.003 -6"><span class='ocrx_word' id='word_1_122' title='bbox 338 1263 483 1298; x_wconf 88' lang='lat' dir='ltr'>hortum</span> <span class='ocrx_word' id='word_1_123' title='bbox 515 1267 550 1297; x_wconf 89' lang='lat' dir='ltr'>et</span> <span class='ocrx_word' id='word_1_124' title='bbox 580 1262 707 1296; x_wconf 88' lang='lat' dir='ltr'>domos</span> <span class='ocrx_word' id='word_1_125' title='bbox 736 1261 783 1296; x_wconf 86' lang='lat' dir='ltr'>ad</span> <span class='ocrx_word' id='word_1_126' title='bbox 815 1259 1079 1295; x_wconf 87' lang='lat' dir='ltr'>continendum</span> <span class='ocrx_word' id='word_1_127' title='bbox 1110 1257 1270 1293; x_wconf 78' lang='lat' dir='ltr'>decimas</span> <span class='ocrx_word' id='word_1_128' title='bbox 1298 1256 1323 1291; x_wconf 90' lang='lat' dir='ltr'>fi</span> <span class='ocrx_word' id='word_1_129' title='bbox 1351 1256 1548 1304; x_wconf 83' lang='lat' dir='ltr'>contigerit</span> <span class='ocrx_word' id='word_1_130' title='bbox 1574 1257 1827 1304; x_wconf 82' lang='lat' dir='ltr'>prebendariis</span> <span class='ocrx_word' id='word_1_131' title='bbox 1854 1271 1914 1293; x_wconf 87' lang='lat' dir='ltr'>eas</span> 
     </span>
    </p>
   </div>
   <div class='ocr_carea' id='block_1_6' title="bbox 337 1325 1914 1436">
    <p class='ocr_par' dir='ltr' id='par_1_6' title="bbox 337 1325 1914 1436">
     <span class='ocr_line' id='line_1_18' title="bbox 337 1325 1914 1378; baseline -0.003 -12"><span class='ocrx_word' id='word_1_132' title='bbox 337 1331 503 1378; x_wconf 86' lang='lat' dir='ltr'>recipere</span> <span class='ocrx_word' id='word_1_133' title='bbox 535 1330 573 1364; x_wconf 92' lang='lat' dir='ltr'>in</span> <span class='ocrx_word' id='word_1_134' title='bbox 600 1328 669 1364; x_wconf 87' lang='lat' dir='ltr'>suis</span> <span class='ocrx_word' id='word_1_135' title='bbox 700 1328 868 1364; x_wconf 83' lang='lat' dir='ltr'>manibus</span> <span class='ocrx_word' id='word_1_136' title='bbox 900 1327 1090 1363; x_wconf 86' lang='lat' dir='ltr'>annuatim</span> <span class='ocrx_word' id='word_1_137' title='bbox 1120 1338 1203 1362; x_wconf 88' lang='lat' dir='ltr'>cum</span> <span class='ocrx_word' id='word_1_138' title='bbox 1234 1325 1389 1360; x_wconf 83' lang='lat' dir='ltr'>seruicio</span> <span class='ocrx_word' id='word_1_139' title='bbox 1414 1325 1518 1361; x_wconf 85' lang='lat' dir='ltr'>solito</span> <span class='ocrx_word' id='word_1_140' title='bbox 1538 1346 1546 1354; x_wconf 91' lang='lat'><strong>·</strong></span> <span class='ocrx_word' id='word_1_141' title='bbox 1565 1325 1680 1372; x_wconf 89' lang='lat' dir='ltr'>Apud</span> <span class='ocrx_word' id='word_1_142' title='bbox 1709 1325 1914 1374; x_wconf 82' lang='lat' dir='ltr'>Collegium</span> 
     </span>
     <span class='ocr_line' id='line_1_19' title="bbox 341 1398 628 1436; baseline -0.007 -2"><span class='ocrx_word' id='word_1_143' title='bbox 341 1403 385 1434; x_wconf 86' lang='lat' dir='ltr'>lO</span> <span class='ocrx_word' id='word_1_144' title='bbox 404 1398 498 1434; x_wconf 78' lang='lat' dir='ltr'>Julii</span> <span class='ocrx_word' id='word_1_145' title='bbox 520 1398 628 1436; x_wconf 74' lang='grc'><strong>1574.</strong></span> 
     </span>
    </p>
   </div>
   <div class='ocr_carea' id='block_1_7' title="bbox 387 1461 1883 1651">
    <p class='ocr_par' dir='ltr' id='par_1_7' title="bbox 387 1461 1883 1651">
     <span class='ocr_line' id='line_1_20' title="bbox 387 1461 1756 1513; baseline -0.004 -10"><span class='ocrx_word' id='word_1_146' title='bbox 387 1467 596 1503; x_wconf 67' lang='lat' dir='ltr'>Ronanws</span> <span class='ocrx_word' id='word_1_147' title='bbox 616 1464 820 1513; x_wconf 78' lang='lat' dir='ltr'>prepositus</span> <span class='ocrx_word' id='word_1_148' title='bbox 1177 1462 1388 1498; x_wconf 78' lang='lat' dir='ltr'>PATmcms</span> <span class='ocrx_word' id='word_1_149' title='bbox 1411 1461 1588 1499; x_wconf 76' lang='lat' dir='ltr'>SPRUYLE</span> <span class='ocrx_word' id='word_1_150' title='bbox 1608 1463 1756 1499; x_wconf 87' lang='lat' dir='ltr'>sacrista</span> 
     </span>
     <span class='ocr_line' id='line_1_21' title="bbox 388 1530 1883 1579; baseline -0.003 -8"><span class='ocrx_word' id='word_1_151' title='bbox 388 1538 631 1571; x_wconf 76' lang='lat' dir='ltr'>ALEXANDER</span> <span class='ocrx_word' id='word_1_152' title='bbox 651 1534 895 1569; x_wconf 74' lang='lat' dir='ltr'>HENRYsoUN</span> <span class='ocrx_word' id='word_1_153' title='bbox 918 1531 970 1568; x_wconf 83' lang='lat' dir='ltr'>M.</span> <span class='ocrx_word' id='word_1_154' title='bbox 988 1531 1067 1567; x_wconf 91' lang='lat' dir='ltr'>hos-</span> <span class='ocrx_word' id='word_1_155' title='bbox 1177 1530 1350 1567; x_wconf 79' lang='lat' dir='ltr'>JAcosz</span> <span class='ocrx_word' id='word_1_156' title='bbox 1374 1530 1656 1568; x_wconf 74' lang='lat' dir='ltr'>HENRYsomus</span> <span class='ocrx_word' id='word_1_157' title='bbox 1676 1544 1712 1579; x_wconf 90' lang='lat' dir='ltr'>p.</span> <span class='ocrx_word' id='word_1_158' title='bbox 1732 1532 1777 1567; x_wconf 89' lang='lat' dir='ltr'>de</span> <span class='ocrx_word' id='word_1_159' title='bbox 1794 1531 1883 1567; x_wconf 86' lang='lat' dir='ltr'>Bro-</span> 
     </span>
     <span class='ocr_line' id='line_1_22' title="bbox 436 1599 1418 1651; baseline -0.005 -12"><span class='ocrx_word' id='word_1_160' title='bbox 436 1603 543 1651; x_wconf 89' lang='lat' dir='ltr'>pitall</span> <span class='ocrx_word' id='word_1_161' title='bbox 1228 1599 1418 1635; x_wconf 85' lang='lat' dir='ltr'>derstanis.</span> 
     </span>
    </p>
   </div>
   <div class='ocr_carea' id='block_1_8' title="bbox 339 1725 1916 1855">
    <p class='ocr_par' dir='ltr' id='par_1_8' title="bbox 339 1725 1916 1855">
     <span class='ocr_line' id='line_1_23' title="bbox 339 1725 1916 1778; baseline -0.004 0"><span class='ocrx_word' id='word_1_162' title='bbox 339 1725 599 1778; x_wconf 75' lang='lat' dir='ltr'>PRECEPTUM</span> <span class='ocrx_word' id='word_1_163' title='bbox 618 1740 731 1776; x_wconf 89' lang='lat' dir='ltr'>sasine</span> <span class='ocrx_word' id='word_1_164' title='bbox 745 1738 904 1775; x_wconf 89' lang='lat' dir='ltr'>Dauidis</span> <span class='ocrx_word' id='word_1_165' title='bbox 917 1737 1054 1773; x_wconf 87' lang='lat' dir='ltr'>Wemis</span> <span class='ocrx_word' id='word_1_166' title='bbox 1070 1737 1114 1772; x_wconf 82' lang='lat' dir='ltr'>de</span> <span class='ocrx_word' id='word_1_167' title='bbox 1134 1736 1261 1772; x_wconf 85' lang='lat' dir='ltr'>eodem</span> <span class='ocrx_word' id='word_1_168' title='bbox 1277 1737 1323 1772; x_wconf 85' lang='lat' dir='ltr'>de</span> <span class='ocrx_word' id='word_1_169' title='bbox 1341 1736 1450 1772; x_wconf 83' lang='lat' dir='ltr'>terris</span> <span class='ocrx_word' id='word_1_170' title='bbox 1470 1736 1721 1773; x_wconf 87' lang='lat' dir='ltr'>ecclesiasticis</span> <span class='ocrx_word' id='word_1_171' title='bbox 1736 1737 1781 1773; x_wconf 92' lang='lat' dir='ltr'>de</span> <span class='ocrx_word' id='word_1_172' title='bbox 1796 1737 1916 1773; x_wconf 89' lang='lat' dir='ltr'>Eister</span> 
     </span>
     <span class='ocr_line' id='line_1_24' title="bbox 342 1804 1875 1855; baseline -0.003 -10"><span class='ocrx_word' id='word_1_173' title='bbox 342 1810 476 1846; x_wconf 86' lang='lat' dir='ltr'>Wemis</span> <span class='ocrx_word' id='word_1_174' title='bbox 496 1815 532 1845; x_wconf 91' lang='lat' dir='ltr'>et</span> <span class='ocrx_word' id='word_1_175' title='bbox 551 1808 739 1845; x_wconf 88' lang='lat' dir='ltr'>Kirktoun</span> <span class='ocrx_word' id='word_1_176' title='bbox 762 1807 818 1855; x_wconf 83' lang='lat' dir='ltr'>[ut</span> <span class='ocrx_word' id='word_1_177' title='bbox 837 1807 944 1855; x_wconf 84' lang='lat' dir='ltr'>supra</span> <span class='ocrx_word' id='word_1_178' title='bbox 962 1805 1035 1842; x_wconf 88' lang='lat' dir='ltr'>No.</span> <span class='ocrx_word' id='word_1_179' title='bbox 1057 1804 1120 1853; x_wconf 77' lang='lat'>86]</span> <span class='ocrx_word' id='word_1_180' title='bbox 1142 1826 1149 1834; x_wconf 89' lang='lat'><strong>·</strong></span> <span class='ocrx_word' id='word_1_181' title='bbox 1167 1804 1283 1852; x_wconf 92' lang='lat' dir='ltr'>Apud</span> <span class='ocrx_word' id='word_1_182' title='bbox 1302 1805 1520 1841; x_wconf 89' lang='lat' dir='ltr'>Edinburch</span> <span class='ocrx_word' id='word_1_183' title='bbox 1541 1808 1583 1841; x_wconf 90' lang='grc'>11</span> <span class='ocrx_word' id='word_1_184' title='bbox 1605 1805 1746 1853; x_wconf 87' lang='lat' dir='ltr'>Aprilis</span> <span class='ocrx_word' id='word_1_185' title='bbox 1767 1806 1875 1845; x_wconf 72' lang='lat'>1575.</span> 
     </span>
    </p>
   </div>
   <div class='ocr_carea' id='block_1_9' title="bbox 342 1926 1916 2469">
    <p class='ocr_par' dir='ltr' id='par_1_9' title="bbox 342 1926 1916 2469">
     <span class='ocr_line' id='line_1_25' title="bbox 342 1926 1916 1991; baseline -0.002 -9"><span class='ocrx_word' id='word_1_186' title='bbox 342 1926 571 1983; x_wconf 77' lang='lat' dir='ltr'>MAolerR</span> <span class='ocrx_word' id='word_1_187' title='bbox 598 1945 782 1981; x_wconf 86' lang='lat' dir='ltr'>Robertus</span> <span class='ocrx_word' id='word_1_188' title='bbox 808 1943 906 1980; x_wconf 83' lang='lat' dir='ltr'>Pont</span> <span class='ocrx_word' id='word_1_189' title='bbox 932 1955 1026 1979; x_wconf 85' lang='lat' dir='ltr'>vnus</span> <span class='ocrx_word' id='word_1_190' title='bbox 1044 1942 1252 1978; x_wconf 85' lang='lat' dir='ltr'>senatorum</span> <span class='ocrx_word' id='word_1_191' title='bbox 1271 1942 1418 1990; x_wconf 84' lang='lat' dir='ltr'>collegii</span> <span class='ocrx_word' id='word_1_192' title='bbox 1438 1942 1578 1978; x_wconf 88' lang='lat' dir='ltr'>iusticie</span> <span class='ocrx_word' id='word_1_193' title='bbox 1597 1942 1694 1990; x_wconf 85' lang='lat' dir='ltr'>regis</span> <span class='ocrx_word' id='word_1_194' title='bbox 1712 1943 1916 1991; x_wconf 79' lang='lat' dir='ltr'>prepositus</span> 
     </span>
     <span class='ocr_line' id='line_1_26' title="bbox 342 2011 1915 2060; baseline -0.001 -11"><span class='ocrx_word' id='word_1_195' title='bbox 342 2014 491 2051; x_wconf 83' lang='lat' dir='ltr'>ecclesie</span> <span class='ocrx_word' id='word_1_196' title='bbox 521 2013 713 2060; x_wconf 81' lang='lat' dir='ltr'>collegiate</span> <span class='ocrx_word' id='word_1_197' title='bbox 745 2012 878 2049; x_wconf 64' lang='lat' dir='ltr'>Sanfflae</span> <span class='ocrx_word' id='word_1_198' title='bbox 911 2011 1107 2047; x_wconf 86' lang='lat' dir='ltr'>Trinitatis</span> <span class='ocrx_word' id='word_1_199' title='bbox 1137 2024 1252 2059; x_wconf 89' lang='lat' dir='ltr'>prope</span> <span class='ocrx_word' id='word_1_200' title='bbox 1284 2011 1541 2059; x_wconf 86' lang='lat' dir='ltr'>Edinburgum</span> <span class='ocrx_word' id='word_1_201' title='bbox 1569 2011 1741 2059; x_wconf 86' lang='lat' dir='ltr'>magister</span> <span class='ocrx_word' id='word_1_202' title='bbox 1768 2012 1842 2048; x_wconf 91' lang='lat' dir='ltr'>loci</span> <span class='ocrx_word' id='word_1_203' title='bbox 1870 2012 1915 2048; x_wconf 90' lang='lat' dir='ltr'>de</span> 
     </span>
     <span class='ocr_line' id='line_1_27' title="bbox 346 2078 1915 2131; baseline -0.003 -13"><span class='ocrx_word' id='word_1_204' title='bbox 346 2083 491 2131; x_wconf 86' lang='lat' dir='ltr'>Soltray</span> <span class='ocrx_word' id='word_1_205' title='bbox 524 2104 531 2111; x_wconf 92' lang='lat'><strong>·</strong></span> <span class='ocrx_word' id='word_1_206' title='bbox 568 2095 679 2129; x_wconf 91' lang='lat' dir='ltr'>quum</span> <span class='ocrx_word' id='word_1_207' title='bbox 715 2081 856 2117; x_wconf 87' lang='lat' dir='ltr'>constat</span> <span class='ocrx_word' id='word_1_208' title='bbox 892 2080 1077 2128; x_wconf 89' lang='lat' dir='ltr'>quondam</span> <span class='ocrx_word' id='word_1_209' title='bbox 1112 2078 1312 2115; x_wconf 82' lang='lat' dir='ltr'>Mariotam</span> <span class='ocrx_word' id='word_1_210' title='bbox 1345 2079 1581 2126; x_wconf 86' lang='lat' dir='ltr'>Keringtoun</span> <span class='ocrx_word' id='word_1_211' title='bbox 1616 2079 1736 2115; x_wconf 87' lang='lat' dir='ltr'>auiam</span> <span class='ocrx_word' id='word_1_212' title='bbox 1773 2079 1915 2115; x_wconf 87' lang='lat' dir='ltr'>Thome</span> 
     </span>
     <span class='ocr_line' id='line_1_28' title="bbox 346 2146 1914 2199; baseline -0.003 -13"><span class='ocrx_word' id='word_1_213' title='bbox 346 2151 484 2199; x_wconf 84' lang='lat' dir='ltr'>Fyldar</span> <span class='ocrx_word' id='word_1_214' title='bbox 507 2150 573 2185; x_wconf 90' lang='lat' dir='ltr'>filii</span> <span class='ocrx_word' id='word_1_215' title='bbox 601 2155 638 2186; x_wconf 88' lang='lat' dir='ltr'>et</span> <span class='ocrx_word' id='word_1_216' title='bbox 663 2149 810 2186; x_wconf 89' lang='lat' dir='ltr'>heredis</span> <span class='ocrx_word' id='word_1_217' title='bbox 836 2149 1022 2196; x_wconf 86' lang='lat' dir='ltr'>quondam</span> <span class='ocrx_word' id='word_1_218' title='bbox 1050 2147 1193 2183; x_wconf 89' lang='lat' dir='ltr'>Thome</span> <span class='ocrx_word' id='word_1_219' title='bbox 1219 2146 1250 2182; x_wconf 88' lang='lat' dir='ltr'>F</span> <span class='ocrx_word' id='word_1_220' title='bbox 1251 2147 1359 2195; x_wconf 86' lang='lat' dir='ltr'>yldar</span> <span class='ocrx_word' id='word_1_221' title='bbox 1387 2146 1576 2195; x_wconf 86' lang='lat' dir='ltr'>burgensis</span> <span class='ocrx_word' id='word_1_222' title='bbox 1605 2147 1650 2182; x_wconf 92' lang='lat' dir='ltr'>de</span> <span class='ocrx_word' id='word_1_223' title='bbox 1670 2146 1914 2194; x_wconf 86' lang='lat' dir='ltr'>Hadingtoun</span> 
     </span>
     <span class='ocr_line' id='line_1_29' title="bbox 347 2215 1915 2266; baseline -0.003 -12"><span class='ocrx_word' id='word_1_224' title='bbox 347 2220 505 2266; x_wconf 85' lang='lat' dir='ltr'>aliosque</span> <span class='ocrx_word' id='word_1_225' title='bbox 533 2219 610 2254; x_wconf 88' lang='lat' dir='ltr'>eius</span> <span class='ocrx_word' id='word_1_226' title='bbox 637 2217 905 2266; x_wconf 78' lang='lat' dir='ltr'>predecessores</span> <span class='ocrx_word' id='word_1_227' title='bbox 933 2217 969 2252; x_wconf 86' lang='lat' dir='ltr'>in</span> <span class='ocrx_word' id='word_1_228' title='bbox 997 2216 1104 2252; x_wconf 87' lang='lat' dir='ltr'>terris</span> <span class='ocrx_word' id='word_1_229' title='bbox 1132 2222 1168 2252; x_wconf 88' lang='lat' dir='ltr'>et</span> <span class='ocrx_word' id='word_1_230' title='bbox 1193 2215 1301 2251; x_wconf 89' lang='lat' dir='ltr'>horto</span> <span class='ocrx_word' id='word_1_231' title='bbox 1328 2215 1535 2263; x_wconf 87' lang='lat' dir='ltr'>subscriptis</span> <span class='ocrx_word' id='word_1_232' title='bbox 1559 2215 1782 2251; x_wconf 86' lang='lat' dir='ltr'>hereditarie</span> <span class='ocrx_word' id='word_1_233' title='bbox 1800 2215 1915 2251; x_wconf 90' lang='lat' dir='ltr'>infeo-</span> 
     </span>
     <span class='ocr_line' id='line_1_30' title="bbox 347 2283 1915 2334; baseline -0.003 -11"><span class='ocrx_word' id='word_1_234' title='bbox 347 2289 449 2323; x_wconf 81' lang='lat' dir='ltr'>datos</span> <span class='ocrx_word' id='word_1_235' title='bbox 477 2286 630 2323; x_wconf 77' lang='lat' dir='ltr'>extitisse</span> <span class='ocrx_word' id='word_1_236' title='bbox 658 2286 882 2334; x_wconf 88' lang='lat' dir='ltr'>temporibus</span> <span class='ocrx_word' id='word_1_237' title='bbox 910 2284 1147 2320; x_wconf 89' lang='lat' dir='ltr'>nihilominus</span> <span class='ocrx_word' id='word_1_238' title='bbox 1174 2283 1394 2319; x_wconf 83' lang='lat' dir='ltr'>turbulentis</span> <span class='ocrx_word' id='word_1_239' title='bbox 1423 2289 1459 2319; x_wconf 86' lang='lat' dir='ltr'>et</span> <span class='ocrx_word' id='word_1_240' title='bbox 1489 2283 1668 2319; x_wconf 85' lang='lat' dir='ltr'>bellorum</span> <span class='ocrx_word' id='word_1_241' title='bbox 1701 2283 1915 2319; x_wconf 88' lang='lat' dir='ltr'>tumultibus</span> 
     </span>
     <span class='ocr_line' id='line_1_31' title="bbox 349 2351 1915 2402; baseline -0.001 -12"><span class='ocrx_word' id='word_1_242' title='bbox 349 2355 550 2391; x_wconf 82' lang='lat' dir='ltr'>euidentias</span> <span class='ocrx_word' id='word_1_243' title='bbox 578 2360 613 2390; x_wconf 82' lang='lat' dir='ltr'>et</span> <span class='ocrx_word' id='word_1_244' title='bbox 639 2354 772 2402; x_wconf 86' lang='lat' dir='ltr'>scripta</span> <span class='ocrx_word' id='word_1_245' title='bbox 795 2354 880 2389; x_wconf 62' lang='lat' dir='ltr'>difiti</span> <span class='ocrx_word' id='word_1_246' title='bbox 909 2352 1109 2388; x_wconf 85' lang='lat' dir='ltr'>tenementi</span> <span class='ocrx_word' id='word_1_247' title='bbox 1136 2351 1326 2400; x_wconf 89' lang='lat' dir='ltr'>deperdita</span> <span class='ocrx_word' id='word_1_248' title='bbox 1353 2351 1421 2387; x_wconf 78' lang='lat' dir='ltr'>esse</span> <span class='ocrx_word' id='word_1_249' title='bbox 1440 2372 1448 2379; x_wconf 92' lang='lat'><strong>·</strong></span> <span class='ocrx_word' id='word_1_250' title='bbox 1469 2364 1549 2387; x_wconf 89' lang='lat' dir='ltr'>cum</span> <span class='ocrx_word' id='word_1_251' title='bbox 1570 2351 1742 2387; x_wconf 86' lang='lat' dir='ltr'>consensu</span> <span class='ocrx_word' id='word_1_252' title='bbox 1760 2352 1915 2399; x_wconf 89' lang='lat' dir='ltr'>preben-</span> 
     </span>
     <span class='ocr_line' id='line_1_32' title="bbox 350 2418 1915 2469; baseline -0.001 -11"><span class='ocrx_word' id='word_1_253' title='bbox 350 2424 535 2458; x_wconf 70' lang='lat' dir='ltr'>dax-iorum</span> <span class='ocrx_word' id='word_1_254' title='bbox 562 2422 784 2458; x_wconf 85' lang='lat' dir='ltr'>hereditarie</span> <span class='ocrx_word' id='word_1_255' title='bbox 811 2421 962 2457; x_wconf 88' lang='lat' dir='ltr'>dimittit</span> <span class='ocrx_word' id='word_1_256' title='bbox 987 2420 1129 2469; x_wconf 88' lang='lat' dir='ltr'>prefato</span> <span class='ocrx_word' id='word_1_257' title='bbox 1150 2419 1293 2456; x_wconf 89' lang='lat' dir='ltr'>Thome</span> <span class='ocrx_word' id='word_1_258' title='bbox 1312 2418 1450 2467; x_wconf 77' lang='lat' dir='ltr'>Fyldar</span> <span class='ocrx_word' id='word_1_259' title='bbox 1476 2418 1689 2454; x_wconf 85' lang='lat' dir='ltr'>interiorem</span> <span class='ocrx_word' id='word_1_260' title='bbox 1716 2421 1915 2457; x_wconf 85' lang='lat' dir='ltr'>tenementi</span> 
     </span>
    </p>
   </div>
  </div>
 </body>
</html>
