2147 2964
353 300 424 336 262
720 299 899 337 CARTE
927 299 1182 338 ECCLESIE
1211 300 1555 338 COLLEGIATE

352 399 505 435 heredes
533 399 717 446 quondam
736 399 891 436 Roberti
910 399 1103 435 Lowreson
1129 399 1219 435 alias
1239 399 1408 436 Carvour
1434 400 1624 448 burgensis
1643 400 1688 436 de
1707 399 1926 448 Edinburgh

381 496 416 503 ..
442 469 488 504 ad
515 468 687 515 quasdam
722 468 811 504 duas
841 473 958 504 terras
988 467 1105 504 vastas
1135 468 1307 516 contigue
1335 468 1546 504 adiacentes
1578 469 1676 504 inter
1707 468 1926 504 cimiterium

351 536 500 572 ecclesie
527 536 648 572 nostre
668 536 828 572 Domine
848 538 891 573 de
914 536 1054 584 Campo
1081 549 1126 572 ex
1153 536 1373 572 occidentali
1400 544 1437 573 et
1455 542 1592 572 terram
1612 536 1750 572 domini
1771 536 1927 585 episcopi

349 604 622 640 Dunkeldensis
647 618 691 640 ex
714 605 884 641 orientali
905 611 941 641 et
961 617 1153 641 commune
1173 604 1370 653 passagium
1388 605 1485 641 inter
1510 605 1601 653 ipsas
1620 611 1736 640 terras
1756 610 1792 641 et
1810 610 1927 640 terras

349 675 534 721 quondam
554 673 724 722 Magistri
752 674 940 710 Nicholaii
966 675 1012 710 de
1032 673 1175 710 Towris
1195 686 1239 709 ex
1258 673 1407 709 australi
1428 679 1464 709 et
1483 674 1585 709 aliud
1604 686 1795 708 commune
1814 672 1927 720 passa-

348 742 447 790 gium
476 742 571 778 inter
590 742 732 778 easdem
751 747 868 778 terras
889 743 1006 778 vastas
1034 748 1070 778 et
1088 748 1205 778 terras
1225 742 1409 789 quondam
1429 741 1566 777 domini
1587 741 1739 788 Georgii
1760 741 1926 777 Walklot

349 810 529 858 capellani
549 816 585 846 et
604 811 788 857 quondam
809 810 985 846 Willelmi
1005 810 1197 858 Raperlaw
1216 823 1261 845 ex
1279 809 1418 845 boreali
1437 809 1602 858 partibus
1620 830 1628 838 ·
1648 809 1696 845 Et
1714 809 1849 844 ibidem
1870 809 1924 844 in-

349 879 580 915 continenter
598 878 760 924 predicte
780 878 995 927 Margareta
1023 884 1059 914 et
1083 878 1230 914 Helena
1256 879 1536 926 resignauerunt
1557 906 1564 914 .
1585 906 1591 912 .
1615 906 1622 913 .
1643 878 1825 926 predis-'tas
1845 878 1924 912 suas

349 954 464 983 terras
484 946 600 983 vastas
620 974 627 982 .
648 974 655 981 .
677 974 684 981 .
704 946 741 981 in
765 946 933 982 manibus
953 946 1039 982 dieti
1066 946 1192 981 balliui
1213 974 1220 981 .
1241 973 1249 980 .
1271 973 1279 981 .
1300 946 1359 993 qui
1383 973 1390 981 .
1414 973 1422 981 .
1443 973 1451 981 .
1471 946 1573 981 dedit
1592 946 1741 981 sasinam
1763 974 1770 980 .
1792 973 1800 980 .
1822 973 1829 980 .
1850 958 1923 980 ma-

348 1016 461 1063 gistro
480 1015 632 1051 Matheo
651 1014 730 1050 Ker
756 1014 929 1063 magistro
949 1015 1042 1050 ἀίὅὶο
1062 1014 1212 1050 ecclesio
1240 1027 1306 1061 pro
1334 1020 1498 1061 tempore
1526 1014 1675 1049 nomine
1703 1020 1738 1049 et
1758 1026 1801 1048 cx
1820 1019 1923 1061 parte

348 1085 442 1121 (ὶίἃθ
460 1084 708 1133 gloriosissime
728 1084 879 1132 virginis
898 1083 1017 1120 Marie
1045 1090 1081 1119 et
1108 1083 1177 1118 suis
1205 1081 1464 1118 successoribus
1492 1082 1673 1130 magistris
1700 1082 1773 1117 siue
1795 1095 1924 1129 prepo-

347 1153 419 1189 sitis
438 1154 534 1189 diste
559 1153 707 1189 ecclesie
735 1166 801 1200 pro
830 1152 984 1188 edificiis
1010 1151 1235 1187 mansionum
1265 1150 1479 1186 edificandis
1498 1157 1535 1187 et
1555 1150 1809 1186 construendis
1829 1151 1924 1186 dicto

346 1222 519 1270 magistro
549 1228 585 1257 et
613 1221 812 1269 capellanis
841 1220 1002 1256 fundatis
1032 1220 1067 1255 in
1098 1219 1193 1255 dicta
1219 1218 1371 1254 ecclesia
1398 1224 1434 1253 ct
1461 1218 1658 1253 fundandis
1677 1231 1744 1265 pro
1764 1218 1923 1254 celebra-

347 1292 452 1327 cione
472 1291 679 1327 diuinorum
699 1290 845 1325 suorum
865 1288 1101 1324 seruiciorum
1121 1287 1157 1323 in
1178 1292 1289 1322 cantu
1309 1286 1552 1334 collegialiter
1572 1292 1641 1322 etc.

348 1496 418 1531 Pro
450 1495 624 1543 magistro
656 1494 808 1530 Matheo
841 1493 920 1529 Ker
954 1492 1138 1540 preposito
1170 1490 1319 1527 ecclesie
1357 1491 1551 1538 collegiate
1582 1490 1739 1539 gloriose
1772 1490 1924 1538 virginis

347 1564 467 1600 Marie
486 1564 523 1599 in
545 1563 695 1611 Campis
713 1575 827 1611 prope
845 1562 1002 1610 burgum
1023 1561 1067 1596 de
1087 1560 1308 1608 Edinburgh
1328 1565 1362 1596 et
1381 1559 1633 1608 prebendariis
1652 1560 1746 1595 dicte
1766 1559 1923 1596 ecclesie.

346 1684 562 1737 VIGESIMO
595 1699 712 1736 tercio
744 1697 917 1735 Octobris
944 1710 1042 1734 anno
1072 1697 1227 1733 Domini
1256 1699 1352 1732 1512
1379 1696 1619 1744 personaliter
1641 1694 1785 1731 acceffit
1811 1695 1924 1731 hono-

346 1769 472 1805 rabilis
500 1769 556 1804 vir
583 1767 765 1804 Ricardus
797 1766 1034 1814 Faffingtoun
1065 1779 1158 1801 vnus
1186 1766 1408 1802 balliuorum
1440 1765 1546 1812 burgi
1572 1764 1922 1801 Vicicanonicorum

346 1836 555 1872 monasterii
583 1835 712 1872 San&e
751 1835 879 1872 Crucis
920 1847 1034 1882 prope
1073 1834 1293 1882 Edinburgh
1328 1835 1375 1869 ad
1402 1833 1619 1869 instanciam
1650 1839 1686 1868 et
1714 1832 1922 1880 requestum

347 1905 493 1941 discreti
527 1905 596 1940 viri
631 1903 771 1940 domini
803 1903 960 1939 Henrici
991 1902 1179 1938 Lowrison
1213 1902 1393 1951 capellani
1427 1902 1553 1937 altaris
1583 1901 1739 1949 gloriose
1772 1901 1924 1948 virginis

345 1974 502 2010 Katrine
528 1973 648 2009 situati
675 1973 714 2008 in
742 1971 894 2008 ecclesia
921 1971 1117 2019 collegiata
1144 1971 1250 2007 Beati
1277 1970 1402 2018 Egidii
1430 1970 1476 2006 de
1503 1969 1723 2017 Edinburgh
1750 1970 1796 2005 ad
1823 1975 1922 2004 tene—

344 2048 505 2078 mentum
535 2048 633 2078 terre
661 2041 846 2088 quondam
879 2040 1032 2075 Roberti
1066 2039 1214 2075 Lauder
1246 2051 1329 2074 cum
1367 2038 1437 2073 suis
1468 2038 1704 2086 pertinenciis
1733 2037 1856 2073 iacens
1884 2037 1921 2073 in

347 2112 439 2146 dicto
468 2112 585 2158 burgo
615 2108 968 2146 Vicicanonicorum
996 2120 1039 2143 ex
1066 2114 1171 2155 parte
1202 2107 1342 2143 boreali
1373 2106 1461 2142 Vici
1494 2106 1603 2154 Regii
1632 2106 1790 2142 eiusdem
1826 2106 1922 2140 inter

348 2187 481 2215 terram
512 2178 696 2226 quondam
730 2176 936 2213 Katherine
961 2176 1125 2212 Thoules
1161 2189 1205 2211 ex
1236 2181 1341 2223 parte
1375 2175 1545 2210 orientali
1575 2187 1619 2210 ex
1648 2180 1752 2222 parte
1783 2186 1855 2210 vna
1885 2180 1920 2209 et

348 2254 482 2282 terram
518 2246 702 2293 quondam
738 2244 916 2281 Willelmi
950 2243 1063 2281 Clerk
1102 2242 1270 2280 ianitoris
1305 2242 1463 2290 supremi
1500 2242 1639 2277 domini
1674 2241 1789 2276 nostri
1822 2240 1919 2288 regis

349 2315 508 2350 ‹lefunfiti
527 2327 571 2350 ex
589 2320 693 2361 parte
721 2312 941 2349 occidentali
968 2325 1009 2348 ex
1035 2318 1138 2360 parte
1166 2311 1282 2348 altera
1309 2311 1339 2346 le
1353 2311 1491 2358 strand
1516 2323 1559 2346 ex
1586 2316 1689 2358 parte
1717 2308 1855 2344 boreali
1883 2315 1918 2343 et

350 2384 513 2419 Plateam
532 2383 687 2431 Regiam
717 2396 760 2419 ex
787 2388 890 2431 parte
920 2381 1068 2418 australi
1088 2402 1095 2410 ·
1114 2380 1163 2416 Et
1189 2381 1325 2417 ibidem
1351 2379 1515 2427 prefatus
1542 2378 1710 2413 dominus
1730 2376 1917 2412 Henricus

350 2451 568 2486 Lowresoun
588 2463 631 2486 ex
651 2451 712 2486 sua
731 2455 832 2486 certa
857 2449 1014 2486 sciencia
1041 2455 1076 2484 et
1102 2450 1301 2496 spontanea
1321 2447 1507 2484 voluntate
1527 2451 1565 2481 vt
1583 2444 1728 2480 afl'eruit
1746 2449 1862 2479 totum
1881 2451 1917 2479 et
