2147 2964
334 314 379 345 58
638 305 953 344 REGISTRUM
980 304 1234 342 ECCLESIE
1264 304 1604 341 COLLEGIATE

335 410 495 457 sequitur
515 408 743 445 continentes
764 429 770 436 -
791 406 883 441 Pius
905 405 1093 453 episcopus
1122 404 1245 439 seruus
1272 404 1458 440 seruorum
1480 404 1549 441 Dei
1573 406 1773 441 venerabili
1801 407 1906 442 fratri

334 478 499 526 episcopo
530 475 743 524 Glasgucnsi
772 474 922 510 salutem
951 479 987 509 et
1014 473 1251 520 apostolicam
1279 473 1580 509 benediccionem
1600 495 1606 502 ·
1628 474 1690 509 Ad
1709 474 1906 522 apostolice

334 547 424 582 sedis
444 545 633 593 dignitatis
653 544 791 592 apicem
811 554 1020 590 quanquam
1040 541 1339 577 insufficientibus
1360 542 1499 577 meritis
1521 543 1649 577 diuina
1667 542 1905 589 disposicione

335 615 452 651 vocati
482 615 527 650 ad
556 627 598 649 ea
625 626 668 648 ex
697 613 857 659 suscepte
894 610 1076 646 servitutis
1109 610 1226 645 officio
1258 610 1381 645 nostre
1410 611 1624 658 propensius
1658 611 1906 646 conuertimus

333 685 482 720 solercie
512 695 618 719 curas
653 694 719 729 per
752 693 821 728 que
858 679 1090 727 hospitalium
1124 685 1159 714 et
1195 678 1350 714 aliorum
1385 679 1530 726 piorum
1562 679 1726 715 locorum
1760 692 1905 715 necnon

332 767 533 802 pauperum
553 758 588 788 ct
607 750 867 786 miserabilium
894 749 1130 796 personarum
1159 747 1479 783 commoditatibus
1505 748 1714 784 consulatur
1734 756 1770 784 ct
1790 755 1827 784 ut
1845 749 1907 783 illa

333 829 497 870 optatum
535 820 735 856 sorciantui·
771 818 939 853 effoetum
977 830 1057 852 cum
1094 830 1115 851 a
1151 815 1254 851 nobis
1295 816 1433 863 petitur
1466 817 1629 852 fauorem
1668 817 1905 864 apostolicum

333 892 489 927 libenter
508 889 738 937 impertimur
757 909 764 916 ·
788 886 883 923 Sane
906 886 1042 933 peticio
1061 898 1126 933 pro
1146 891 1250 932 parte
1271 884 1448 920 carissime
1466 884 1504 920 in
1526 885 1673 921 Christo
1693 886 1764 921 filie
1785 886 1906 920 nostre

334 959 452 996 Mario
481 958 606 1005 regine
636 956 764 992 Scocie
792 955 941 990 illustris
970 953 1076 989 nobis
1105 966 1223 1000 nuper
1255 953 1420 988 exhibita
1452 953 1663 989 continebat
1695 955 1792 1001 quod
1820 954 1906 989 olim

332 1028 522 1076 postquam
553 1025 669 1061 felicis
701 1022 972 1059 recordacionis
1007 1021 1185 1057 Nicolaus
1217 1034 1313 1068 papa
1344 1022 1493 1068 quintus
1525 1022 1753 1069 predecessor
1784 1023 1906 1058 noster

333 1110 377 1133 ex
397 1096 506 1132 certis
537 1101 624 1130 tunc
653 1091 824 1140 expressis
858 1090 971 1126 causis
1003 1090 1180 1137 hospitale
1207 1103 1406 1138 pauperum
1437 1091 1481 1126 de
1504 1090 1623 1126 Soltre
1645 1090 1907 1127 Sanaiandree

333 1164 482 1202 diocesis
511 1164 546 1199 in
577 1175 685 1198 unam
709 1160 926 1208 dignitatem
956 1158 1213 1194 cancellariam
1245 1164 1493 1205 nuncupatam
1522 1159 1558 1194 in
1587 1159 1739 1195 ecclesia
1768 1159 1906 1196 Sanai-

332 1235 468 1269 andree
488 1233 532 1268 de
553 1231 725 1267 consensu
745 1229 929 1276 quondam
949 1227 1062 1262 Alani
1085 1227 1182 1263 Cant
1205 1226 1313 1273 ipsius
1341 1227 1529 1274 hospitalis
1559 1234 1645 1263 tunc
1671 1229 1823 1264 rectoris
1842 1242 1906 1277 per

332 1305 411 1338 suas
442 1302 567 1336 literas
595 1297 794 1346 apostolica
828 1296 1045 1331 auctoritate
1076 1301 1243 1330 erexerat
1275 1307 1318 1330 ac
1345 1295 1390 1331 de
1426 1296 1503 1342 ipsa
1535 1296 1757 1332 cancellaria
1789 1298 1905 1333 eidem

333 1371 454 1406 Alano
474 1368 685 1416 prouiderat
707 1365 928 1401 cancellaria
947 1363 1110 1411 prediaa
1130 1377 1199 1410 que
1215 1364 1260 1398 de
1280 1364 1359 1399 iurc
1379 1371 1595 1411 patronatus
1615 1365 1791 1401 laicorum
1810 1367 1906 1414 regis

331 1440 523 1475 Scotorum
551 1449 617 1484 pro
646 1442 809 1481 tempore
838 1431 1025 1468 existentis
1049 1432 1127 1466 fore
1156 1431 1315 1467 noscitur
1343 1445 1407 1480 pcr
1435 1433 1572 1468 obitum
1600 1433 1686 1469 (11ἃί
1711 1434 1825 1469 Alani
1845 1436 1906 1482 qui

330 1509 438 1556 vsque
454 1507 500 1542 ad
518 1506 682 1541 Vltimum
700 1504 772 1539 vite
792 1503 852 1538 sue
868 1502 963 1537 diem
983 1499 1242 1536 cancellariam
1262 1500 1374 1548 ipsam
1394 1501 1546 1548 pacifice
1567 1502 1684 1537 tenuit
1699 1515 1741 1538 ac
1756 1503 1906 1550 possedit

330 1584 365 1614 et
392 1577 540 1613 tandem
568 1580 672 1610 extra
696 1573 899 1608 Romanam
929 1570 1066 1606 curiam
1087 1569 1233 1605 decessit
1254 1575 1408 1605 vacante
1429 1570 1527 1605 clare
1551 1571 1725 1606 memorie
1744 1571 1906 1607 Jacobus

334 1646 523 1682 Scotorum
553 1656 618 1678 rex
637 1643 722 1678 dum
743 1641 885 1676 viueret
914 1652 1021 1674 verus
1050 1644 1085 1673 et
1113 1638 1243 1673 unicus
1270 1645 1446 1685 patronus
1475 1639 1570 1674 diae
1599 1640 1819 1676 cancellarie
1847 1654 1907 1676 ex-

332 1715 441 1750 istens
460 1714 497 1748 in
517 1712 671 1760 pacifica
688 1707 900 1757 poffessionc
920 1708 978 1742 seu
998 1705 1097 1754 quasi
1125 1706 1215 1741 iuris
1243 1706 1475 1753 presentandi
1503 1708 1692 1754 personam
1721 1709 1903 1756 ydoneam

333 1784 379 1819 ad
398 1780 654 1818 cancellariam
681 1779 791 1827 ipsam
812 1777 898 1812 dum
925 1788 992 1823 pro
1021 1781 1182 1822 tempore
1203 1780 1351 1810 vacaret
1371 1775 1541 1810 dilectum
1562 1776 1676 1811 filium
1695 1776 1720 1812 J
1723 1777 1904 1813 ohannem

334 1852 438 1900 Tyry
459 1849 634 1886 clericum
656 1846 920 1883 Sanffiandree
938 1843 1186 1879 baccalarium
1214 1843 1251 1878 in
1273 1843 1431 1878 decretis
1450 1844 1496 1878 ad
1516 1844 1772 1880 cancellariam
1792 1846 1904 1893 ipsam

334 1922 380 1956 sic
400 1925 591 1955 vacantem
610 1915 748 1952 vicario
769 1912 989 1950 venerabilis
1008 1912 1134 1948 fratris
1152 1911 1266 1946 nostri
1286 1911 1442 1959 episcopi
1468 1910 1731 1948 Sancffiandree
1751 1914 1788 1948 in
1805 1914 1904 1961 spiri-

334 1988 491 2025 tualibus
515 1984 680 2034 generali
703 1983 801 2019 infra
818 1988 962 2029 tempus
981 1980 1145 2017 debitum
1164 1980 1389 2027 presentauit
1413 1980 1559 2028 ipseque
1581 1981 1738 2017 vicarius
1758 1983 1804 2017 ad
1823 1995 1903 2029 pre-

333 2056 577 2092 sentacionem
604 2051 805 2088 huiusmodi
833 2050 1014 2098 prefatum
1043 2048 1251 2084 Johannem
1280 2048 1318 2083 in
1346 2049 1605 2084 cancellariam
1632 2050 1726 2084 diae
1753 2050 1902 2087 ecclesie

335 2123 520 2160 ordinaria
546 2121 762 2158 authoritate
790 2118 945 2154 instituit
973 2131 1015 2154 ac
1043 2118 1139 2153 idem
1167 2116 1358 2152 Johannes
1389 2117 1675 2164 presentacionis
1703 2124 1737 2153 et
1764 2118 1904 2155 institu-

336 2192 450 2227 cionis
468 2189 671 2226 huiusmodi
694 2188 816 2236 vigore
835 2187 967 2222 dietam
996 2184 1252 2221 cancellariam
1277 2184 1396 2220 extitit
1414 2185 1566 2232 pacifice
1587 2186 1763 2221 assecutus
1779 2206 1786 2213 ·
1809 2186 1901 2222 Cum

336 2265 455 2294 autem
481 2258 570 2293 sicut
593 2257 719 2292 eadem
748 2255 882 2302 peticio
913 2254 1152 2301 subiungebat
1187 2253 1330 2300 prefata
1359 2252 1482 2288 Maria
1510 2253 1639 2301 regina
1674 2254 1720 2289 ad
1755 2254 1900 2290 laudem

338 2325 610 2373 omnipotentis
641 2324 712 2359 Dei
749 2336 857 2358 vnam
894 2322 1124 2369 collegiatam
1158 2320 1346 2357 ecclesiam
1380 2334 1461 2357 cum
1499 2321 1665 2369 hospitali
1700 2335 1901 2370 pauperum

337 2406 449 2441 prope
482 2394 637 2440 burgum
673 2393 718 2427 de
754 2391 973 2439 Edinburgh
1005 2403 1047 2426 ex
1080 2395 1183 2438 parte
1215 2389 1345 2424 boriali
1377 2389 1471 2424 diae
1504 2389 1654 2424 diocesis
1685 2403 1752 2437 pro
1784 2391 1900 2427 diuini

338 2463 454 2498 cultus
474 2467 668 2508 augmento
688 2473 729 2496 ac
751 2459 885 2496 Christi
912 2472 1112 2507 pauperum
1141 2464 1176 2494 et
1204 2457 1357 2493 aliarum
1386 2457 1643 2493 miserabilium
1663 2460 1899 2506 personarum
