2147 2964
314 296 360 331 68
611 289 928 328 REGISTRUM
954 288 1210 326 ECCLESIE
1238 287 1579 324 COLLEGIATE

315 393 483 428 consueta
516 405 598 428 cum
633 390 874 438 reparacione
911 396 945 425 et
981 387 1247 424 sustentacione
1283 387 1432 423 ecclesie
1469 387 1514 422 de
1548 386 1718 422 Kirkurd
1753 386 1886 421 subibit

314 461 460 496 sacrista
479 461 563 495 diffl
588 459 734 507 collegii
760 458 822 506 qui
849 457 999 493 habebit
1027 456 1282 504 recepcionem
1312 456 1474 491 omnium
1502 456 1683 491 bonorum
1710 455 1887 502 prescrip-

315 539 433 564 torum
454 535 492 565 vt
511 528 674 576 superius
701 526 750 562 est
779 526 977 575 expressum
995 546 1002 553 -
1023 525 1248 572 Quiquidem
1276 524 1509 572 prebendarii
1534 524 1691 572 predi&i
1710 523 1809 558 omni
1828 523 1888 558 die

315 598 400 632 anni
429 597 626 633 matutinas
653 608 825 643 magnam
850 594 984 630 missam
1006 595 1172 642 vesperas
1196 593 1263 642 [et]
1286 593 1566 641 completorium
1591 605 1673 628 cum
1699 598 1787 628 nota
1805 604 1888 627 can-

316 667 444 701 tabunt
466 687 473 694 ·
494 664 701 712 Prepositus
723 676 808 699 vero
828 662 1015 698 matutinis
1036 662 1134 698 misse
1153 662 1221 711 [et]
1240 663 1399 709 vesperis
1418 661 1556 698 festiuis
1575 662 1701 697 diebus
1720 662 1888 697 interesse

316 740 482 770 teneatur
497 755 504 762 ·
523 733 661 769 Omnes
681 738 802 767 autem
822 731 1059 779 prebendarii
1077 731 1229 778 prediffi
1248 731 1488 766 residenciam
1507 731 1643 766 facient
1661 729 1888 777 personalem

316 810 351 839 et
370 815 435 850 per
453 802 584 849 seipsos
602 807 638 836 et
663 813 736 836 non
765 813 832 848 per
856 800 968 836 alium
995 800 1056 835 seu
1084 800 1175 835 alios
1202 799 1370 847 premissa
1391 799 1665 847 perimplebunt
1684 798 1756 834 siue
1776 797 1890 833 admi-

316 871 520 907 nistrabunt
541 892 548 899 ·
570 869 650 917 Ipse
678 882 766 904 vero
795 868 998 916 prepositus
1025 868 1071 904 ad
1100 868 1339 904 residenciam
1368 867 1552 916 obligetur
1583 867 1810 915 personalem
1839 866 1891 901 ita

316 940 413 987 quod
433 939 457 974 si
476 939 589 986 ipsum
608 951 674 985 per
693 937 903 985 quindecim
925 937 1002 972 dies
1025 936 1218 972 continuos
1237 935 1354 971 abesse
1373 936 1564 983 contingat
1583 935 1783 983 capitulum
1803 935 1890 970 dieti

317 1009 461 1055 collegii
481 1015 517 1043 vt
542 1008 588 1043 ad
615 1006 851 1042 residenciam
878 1012 1087 1042 reuertatur
1115 1004 1213 1052 apud
1241 1010 1437 1051 patronum
1466 1003 1613 1040 instabit
1639 1010 1677 1040 vt
1703 1004 1818 1051 ipsum
1843 1004 1890 1038 ad

315 1076 551 1112 residenciam
571 1074 766 1122 compellat
790 1080 825 1109 et
846 1074 868 1109 fi
888 1074 985 1109 infra
1004 1073 1213 1120 quindecim
1241 1073 1318 1108 dies
1347 1073 1436 1107 alios
1465 1073 1545 1120 post
1561 1072 1889 1108 denunciacionem

316 1152 471 1193 patrono
495 1144 626 1180 &fitam
654 1143 700 1178 ad
729 1142 969 1178 residenciam
996 1154 1069 1176 non
1099 1147 1308 1177 reuertatur
1340 1141 1462 1176 animo
1490 1141 1719 1188 permanenti
1749 1154 1793 1176 ex
1820 1141 1889 1176 hoc

316 1215 392 1261 ipso
415 1214 491 1260 ipsa
515 1211 743 1260 prepositura
771 1211 843 1245 sine
872 1210 1025 1257 strepitu
1054 1216 1090 1245 et
1119 1210 1238 1257 figura
1268 1209 1399 1244 iudicis
1425 1222 1555 1245 vacare
1583 1209 1789 1245 censebitur
1809 1209 1889 1245 etsi

316 1282 410 1317 infra
430 1280 640 1329 quindecim
660 1280 737 1314 dies
762 1278 842 1326 post
867 1278 1072 1313 huiusmodi
1093 1277 1326 1313 vacacionem
1353 1284 1528 1324 patronus
1554 1277 1741 1312 ordinario
1761 1290 1890 1324 prepo-

316 1350 419 1386 situm
439 1362 575 1385 nouum
595 1361 668 1384 non
695 1347 964 1395 presentauerit
992 1346 1191 1393 capitulum
1220 1346 1329 1382 alium
1356 1346 1577 1394 prepositum
1603 1347 1790 1382 ordinario
1810 1359 1890 1394 pre-

316 1418 467 1453 sentabit
487 1439 494 1446 ·
516 1417 564 1452 Et
594 1416 805 1451 ordinamus
834 1415 932 1462 quod
961 1415 1082 1450 nullus
1111 1415 1440 1462 prebendarionum
1471 1422 1533 1450 aut
1565 1415 1785 1451 clericorum
1817 1416 1890 1451 sine

314 1486 470 1521 licencia
494 1483 667 1532 prepositi
692 1483 846 1530 desuper
873 1484 1023 1518 obtenta
1050 1483 1084 1517 se
1116 1483 1280 1519 absentet
1307 1505 1315 1512 ·
1337 1483 1432 1520 vltra
1460 1496 1547 1519 vero
1575 1484 1783 1531 quindecim
1812 1485 1891 1520 dies

314 1554 495 1601 preposito
514 1553 671 1600 aliquem
692 1552 890 1587 licenciare
910 1563 985 1586 non
1003 1551 1130 1587 licebit
1152 1552 1219 1587 nisi
1238 1565 1282 1588 ex
1301 1565 1435 1601 magna
1453 1559 1489 1588 et
1508 1553 1623 1588 ardua
1642 1553 1749 1588 causa
1767 1559 1803 1589 et
1821 1553 1890 1588 hoc

314 1635 396 1658 eum
425 1621 598 1658 consensu
625 1620 776 1668 capituli
803 1620 856 1655 sui
885 1620 1039 1667 desuper
1066 1619 1238 1668 requisito
1267 1627 1302 1657 et
1327 1622 1477 1657 obtento
1498 1643 1504 1649 -
1526 1621 1751 1657 contrarium
1770 1628 1890 1658 autem

314 1691 451 1726 faciens
482 1690 558 1738 ipso
589 1690 682 1726 festo
715 1703 736 1724 a
767 1689 847 1724 iure
879 1689 941 1724 suo
970 1689 1158 1736 prebende
1190 1690 1297 1725 cadet
1326 1696 1364 1725 et
1390 1692 1452 1725 sua
1474 1690 1664 1737 prebenda
1685 1691 1891 1726 censebitur

316 1773 445 1795 vacare
465 1767 500 1795 et
525 1759 674 1794 realiter
694 1764 799 1793 vacet
823 1770 889 1805 per
918 1757 1140 1804 prepositum
1169 1764 1205 1793 et
1230 1757 1431 1805 capitulum
1462 1747 1498 1793 et
1523 1758 1767 1804 prouifionem
1795 1758 1890 1794 ordi-

317 1829 409 1864 narii
433 1829 546 1864 libere
576 1828 802 1863 conferenda
821 1850 828 1857 ·
848 1827 897 1862 Et
921 1827 944 1862 si
974 1827 1055 1874 quis
1082 1827 1409 1874 prebendariorum
1437 1827 1676 1863 concubinam
1705 1828 1766 1863 seu
1794 1829 1890 1862 foca-

317 1898 406 1932 riam
438 1897 638 1932 detinuerit
668 1902 704 1932 et
735 1895 835 1931 illam
867 1907 933 1943 per
965 1895 1185 1942 prepositum
1218 1901 1274 1930 ter
1304 1895 1464 1930 monitus
1496 1908 1568 1930 non
1601 1895 1777 1930 dimiserit
1807 1908 1890 1931 cum

318 1966 445 2001 affeetu
465 1978 507 2001 eo
527 1965 600 2000 viso
621 1964 810 2000 censeatur
835 1964 897 1999 sua
926 1963 1113 2010 prebenda
1142 1976 1273 1999 vacare
1302 1970 1337 1999 et
1363 1969 1468 1999 vacet
1495 1964 1603 1999 modo
1631 1963 1799 2011 premisso
1824 1976 1890 2011 per

317 2035 540 2070 ordinarium
568 2034 792 2069 eonferenda
810 2054 817 2061 ·
838 2032 1048 2080 Prepositus
1077 2045 1163 2067 vero
1191 2031 1277 2067 dieti
1305 2031 1451 2080 collegii
1477 2031 1624 2079 quocies
1653 2031 1782 2067 &fitam
1810 2044 1889 2078 pre-

319 2103 511 2150 posituram
544 2115 675 2138 vacare
708 2102 905 2149 contigerit
940 2114 1005 2149 per
1037 2113 1102 2136 nos
1137 2107 1173 2136 et
1203 2101 1420 2137 successores
1451 2100 1593 2136 nostros
1624 2113 1730 2147 reges
1763 2099 1890 2136 Scoeie

319 2171 506 2206 ordinario
541 2170 811 2218 presentabitur
840 2191 847 2198 ·
882 2169 1024 2205 Vicarii
1060 2170 1107 2205 ad
1143 2175 1247 2205 extra
1283 2169 1516 2205 ecclesiarum
1548 2168 1793 2216 medietarum
1824 2181 1890 2215 per

321 2239 538 2286 prepositum
565 2245 600 2274 et
627 2239 827 2286 capitulum
857 2239 957 2273 suum
986 2244 1022 2274 et
1049 2237 1284 2286 prebendarii
1311 2237 1398 2272 dieti
1426 2236 1572 2284 collegii
1595 2236 1782 2271 ordinario
1810 2248 1889 2282 pre-

322 2308 556 2343 sentabuntur
571 2321 592 2343 a
607 2320 678 2354 quo
694 2307 875 2354 recipiant
893 2306 1110 2342 canonicam
1129 2305 1399 2341 institucionem
1415 2326 1422 2332 -
1439 2311 1474 2340 et
1489 2304 1610 2340 nullus
1625 2305 1889 2352 prebendarius

321 2375 529 2410 instituatur
548 2375 612 2410 nisi
632 2375 810 2410 sufficiens
837 2375 949 2410 fuerit
975 2374 1132 2422 legendo
1153 2372 1222 2422 [et]
1251 2373 1481 2409 concinendo
1509 2372 1618 2420 plano
1638 2379 1748 2408 cantu
1767 2379 1803 2409 et
1822 2373 1888 2408 dis-

322 2450 429 2478 cantu
448 2463 455 2470 ·
474 2443 583 2478 Pueri
605 2456 691 2478 vero
716 2443 852 2479 dociles
879 2444 926 2478 ad
951 2441 1118 2490 premissa
1147 2441 1303 2477 existant
1321 2461 1328 2469 ·
1348 2440 1528 2476 Volumus
1553 2440 1668 2476 eciam
1689 2447 1724 2477 et
1744 2441 1889 2476 ordina-
