2147 2964
231 458 296 496 167

368 299 436 331 188
670 294 986 331 REGISTRUM
1014 294 1268 332 ECCLESIE
1297 296 1638 334 COLLEGIATE

367 448 603 501 COMPOTUM
629 462 862 498 dominorum
883 462 1057 498 Willelmi
1087 463 1249 511 Tempill
1277 471 1312 500 et
1342 464 1494 513 Georgii
1525 465 1752 514 Clapertoun
1781 473 1946 514 recepto-

366 546 447 568 rum
475 532 704 581 generalium
731 532 919 567 firmarum
947 532 1103 567 rectorie
1132 532 1176 567 de
1204 533 1372 569 Kirkvrd
1399 547 1441 570 ac
1471 535 1660 571 firmarum
1690 541 1872 571 terrarum
1901 535 1946 570 de

368 603 542 638 Ballerno
570 607 606 638 et
632 601 666 636 le
696 600 788 649 Hyll
818 601 1003 636 redditum
1035 601 1132 648 apud
1162 601 1297 637 di&um
1329 602 1523 650 collegium
1554 603 1698 639 decimo
1728 604 1857 639 οᾶἃιιο
1887 603 1946 638 die

369 671 497 708 mensis
525 670 618 706 Maii
647 682 743 706 anno
772 669 925 705 Domini
954 669 1145 705 millesimo
1173 669 1462 718 quingentesimo
1491 670 1661 707 vicesimo
1686 671 1848 707 secundo
1881 683 1946 718 per

369 740 511 776 eosdem
528 740 573 775 de
588 739 754 775 omnibus
773 738 929 787 receptis
947 738 1017 774 suis
1037 744 1071 774 et
1091 737 1256 785 expensis
1274 751 1340 786 per
1353 739 1476 775 firmas
1495 739 1590 775 diae
1607 739 1758 776 ecclesie
1778 745 1814 775 et
1832 745 1947 775 terra-

368 822 450 845 rum
478 822 499 844 a
525 809 583 844 die
611 808 754 843 decimo
782 810 911 843 oaauo
943 806 1073 843 menfis
1101 806 1235 842 Marcii
1268 807 1356 842 anni
1382 807 1536 843 Domini
1568 814 1637 843 etc.
1669 808 1947 855 quingentesimi

371 877 531 914 vicesimi
551 877 661 924 vsque
689 876 728 911 in
753 876 849 911 diem
878 875 984 911 huius
1014 876 1173 923 compoti
1203 881 1238 911 et
1266 874 1312 911 fic
1340 876 1384 911 de
1413 876 1555 911 duobus
1583 876 1748 912 terminis
1777 876 1948 911 videlicet

370 945 629 983 Penthecostes
661 952 697 980 et
731 944 854 981 saneti
887 943 1040 980 Martini
1069 943 1166 979 infra
1198 943 1267 978 hoc
1300 950 1507 991 compotum
1539 944 1768 991 presentibus
1801 943 1948 979 domino

370 1013 550 1063 preposito
570 1020 606 1049 et
624 1013 879 1061 prebendariis
898 1012 1115 1060 subscriptis.

370 1084 487 1120 Iidem
507 1088 663 1118 onerant
682 1082 716 1117 se
737 1082 772 1117 in
792 1081 918 1128 primis
938 1081 982 1116 de
1002 1081 1140 1116 xxxviii
1154 1094 1179 1115 s.
1199 1080 1251 1115 iiii
1265 1082 1300 1115 d.
1323 1081 1368 1116 (10
1388 1081 1483 1116 resta
1506 1081 1621 1116 vltimi
1643 1082 1800 1129 compoti
1819 1094 1949 1116 eorun-

371 1155 451 1189 dem
472 1159 509 1188 vt
528 1157 629 1199 patet
648 1151 684 1186 in
706 1150 798 1198 pede
819 1150 977 1185 eiusdem
997 1170 1003 1177 ·
1024 1148 1071 1184 Et
1091 1149 1135 1184 de
1163 1149 1224 1184 lli.
1245 1150 1290 1184 de
1310 1149 1421 1184 firmis
1450 1149 1604 1185 reaorie
1634 1150 1680 1185 de
1699 1149 1868 1185 Kirkvrd
1895 1163 1949 1184 re-

371 1222 486 1270 ceptis
506 1234 526 1257 a
545 1220 694 1256 domino
714 1219 931 1255 Alexandro
953 1217 1057 1254 Scott
1074 1217 1236 1253 firmario
1260 1217 1418 1253 eiusdem
1438 1218 1482 1252 de
1502 1218 1607 1253 dietis
1625 1218 1764 1253 duobus
1784 1219 1950 1254 terminis

369 1360 517 1395 domino
544 1356 727 1405 preposito
755 1355 841 1390 dicti
870 1355 1018 1402 collegii
1046 1355 1091 1389 de
1121 1355 1225 1390 dictis
1253 1355 1418 1390 terminis
1447 1355 1607 1403 compoti
1625 1377 1632 1384 -
1654 1355 1702 1391 Et
1730 1356 1776 1392 de
1803 1356 1876 1392 xli.
1905 1357 1950 1392 de

371 1428 481 1464 firmis
508 1434 689 1462 terrarum
718 1425 763 1459 de
791 1423 987 1471 Lumphoy
1014 1423 1173 1471 receptis
1201 1437 1221 1458 a
1249 1423 1345 1458 dieto
1374 1424 1523 1459 domino
1550 1423 1734 1472 preposito
1761 1437 1828 1472 per
1855 1425 1950 1461 idem

372 1504 513 1543 tempus
541 1501 575 1530 et
603 1492 804 1529 distributis
833 1492 878 1528 ad
906 1491 1212 1528 sustentacionem
1240 1492 1343 1527 chori
1372 1499 1410 1527 vt
1436 1492 1590 1528 inferius
1617 1493 1788 1529 scribitur
1808 1514 1815 1521 ·
1839 1493 1887 1530 Et
1906 1495 1951 1529 de

372 1565 411 1601 iii
422 1565 462 1600 li.
482 1564 582 1599 xvis.
602 1561 759 1610 receptis
786 1573 853 1608 per
872 1559 985 1595 dictos
1014 1566 1267 1607 compotantes
1287 1562 1331 1596 de
1360 1562 1559 1597 maioribus
1588 1562 1839 1598 oblacionibus
1858 1562 1952 1597 diste

374 1632 523 1669 ecclesie
542 1645 608 1680 per
628 1631 763 1667 di&um
783 1635 927 1677 tempus
947 1629 1118 1676 compoti.

473 1703 624 1737 Summa
640 1699 748 1735 huius
768 1697 1000 1734 oneracionis
1018 1697 1123 1732 lxxix
1134 1697 1172 1732 li.
1193 1697 1270 1732 xiiii
1283 1710 1308 1732 s.
1328 1697 1382 1733 iiii
1395 1699 1431 1732 d.

375 1771 540 1820 Expense
568 1768 769 1804 eorundem
797 1789 803 1796 ·
829 1766 873 1802 In
906 1766 1034 1814 primis
1065 1766 1272 1802 allocantur
1308 1766 1602 1813 compotantibus
1634 1778 1700 1813 per
1729 1765 1951 1802 solucionem

376 1841 506 1876 faaam
525 1838 550 1875 J
553 1838 667 1875 acobo
687 1836 783 1873 Blak
805 1835 1002 1883 principali
1021 1835 1147 1870 latimo
1166 1834 1252 1870 dieti
1271 1834 1418 1882 collegii
1436 1834 1656 1882 percipienti
1676 1835 1866 1870 annuatim
1886 1847 1952 1882 pro

376 1910 410 1944 se
431 1915 466 1944 et
486 1907 662 1943 seruitore
682 1905 742 1941 suo
763 1904 895 1952 viginti
914 1904 1027 1939 libras
1046 1916 1113 1951 pro
1133 1915 1259 1939 eorum
1278 1902 1464 1938 laboribus
1483 1903 1582 1950 apud
1600 1902 1737 1938 dictum
1757 1902 1952 1951 collegium

376 1989 442 2024 per
471 1983 615 2023 tempus
644 1973 806 2021 compoti
837 1978 876 2008 vt
907 1977 1008 2019 patet
1040 1984 1107 2019 per
1138 1971 1372 2007 indenturam
1405 1970 1559 2018 desuper
1589 1970 1722 2006 fastam
1752 1983 1801 2006 xx
1813 1971 1850 2006 li.
1905 1971 1952 2007 Et

378 2046 509 2081 eisdem
535 2056 603 2092 per
629 2042 853 2078 solucionem
879 2041 1011 2076 saetam
1039 2039 1226 2075 Willelmo
1253 2039 1422 2087 Dalgleis
1453 2039 1578 2075 latinio
1614 2039 1654 2075 in
1681 2039 1790 2075 feodo
1817 2040 1879 2075 suo
1906 2040 1952 2075 de

379 2114 482 2149 dietis
509 2112 675 2148 terminis
703 2109 863 2157 compoti
882 2109 946 2144 viii
958 2108 995 2144 li.
1049 2107 1098 2143 Et
1116 2107 1142 2143 J
1144 2107 1280 2143 ohanni
1307 2107 1474 2143 seruitori
1494 2108 1580 2143 dieti
1599 2107 1779 2144 Willelmi
1797 2121 1864 2155 pro
1882 2108 1952 2143 suis

380 2181 564 2217 laboribus
591 2192 658 2228 per
676 2179 773 2215 idem
800 2184 942 2225 tempus
970 2178 1130 2224 compoti
1156 2176 1194 2211 iii
1207 2177 1244 2211 li.
1298 2176 1346 2212 Et
1366 2188 1431 2223 per
1450 2176 1670 2212 solucionem
1689 2176 1820 2212 saeuam
1839 2188 1952 2223 quon-

381 2251 463 2285 dam
494 2249 641 2284 domino
672 2247 862 2283 Willelmo
894 2246 1041 2282 Wricht
1077 2245 1223 2281 sacriste
1255 2252 1291 2281 et
1322 2244 1470 2280 domino
1506 2244 1679 2280 Michaeli
1711 2243 1836 2280 Disart
1870 2244 1952 2279 loco

383 2318 540 2353 eiusdem
560 2329 626 2364 pro
644 2315 912 2352 sustentacione
932 2328 1013 2352 cere
1033 2314 1103 2350 olei
1123 2314 1195 2350 vini
1215 2314 1358 2349 locione
1375 2325 1582 2361 pannorum
1601 2318 1898 2348 ornamentorum
1918 2320 1953 2347 et

384 2398 450 2432 pro
476 2385 741 2420 sustentacione
769 2384 925 2420 aliorum
952 2383 1233 2419 necessariorum
1263 2382 1358 2417 infra
1385 2381 1518 2416 duflum
1546 2379 1739 2426 collegium
1765 2392 1831 2426 per
1854 2379 1952 2416 idem

387 2460 528 2499 tempus
554 2453 711 2499 compoti
740 2465 782 2488 ac
802 2465 873 2488 vno
899 2452 1056 2488 termino
1077 2450 1247 2486 videlicet
1265 2448 1502 2485 Inuencionis
1524 2446 1654 2483 83ηὸὶο
1676 2446 1807 2483 Crucis
1829 2447 1952 2483 vltimo
