2147 2964
255 1539 309 1574 19.

357 288 401 323 16
816 281 1129 320 REGISTRUM
1160 280 1465 318 CARTARUM

357 385 479 423 Sanffi
509 383 633 432 Egidii
661 384 705 419 de
732 381 957 430 Ormystoun
986 382 1024 417 in
1053 381 1124 417 suis
1157 379 1275 416 vsibus
1308 386 1344 416 et
1375 391 1575 427 pauperum
1609 378 1814 413 habendam
1844 390 1926 413 cum

355 454 462 490 terris
481 459 517 489 et
536 452 686 488 decimis
714 450 1003 486 obuencionibus
1028 455 1065 485 et
1091 448 1257 484 omnibus
1285 448 1363 484 aliis
1390 448 1437 483 ad
1456 447 1610 483 eandem
1629 446 1816 482 ecclesiam
1836 445 1928 481 iuste

355 522 621 570 pertinentibus
638 521 678 556 in
696 520 848 556 liberam
867 524 903 554 et
921 531 1050 566 puram
1071 522 1107 553 et
1132 522 1349 565 perpetuam
1375 516 1596 551 elimosinam
1620 515 1672 551 ita
1690 520 1811 550 tamen
1831 515 1928 562 quod

356 591 488 627 eisdem
511 590 620 626 liceat
646 601 757 624 unum
785 589 830 623 de
858 587 929 622 suis
956 586 1179 622 sacerdotem
1209 586 1327 620 virum
1355 585 1539 632 ydoneum
1568 583 1675 619 nobis
1703 583 1762 618 vel
1794 583 1929 618 succes-

356 660 495 695 soribus
519 660 565 695 ad
589 659 743 694 eandem
771 656 958 693 ecclesiam
985 655 1194 704 presentare
1221 654 1284 701 qui
1311 653 1416 689 nobis
1443 653 1488 688 de
1516 652 1758 700 spiritualibus
1786 657 1821 686 et
1849 650 1931 699 ipsis

358 729 402 764 de
430 727 690 775 temporalibus
715 731 884 761 teneatur
909 724 1052 772 plenius
1078 723 1296 771 respondere
1321 742 1328 748 ·
1353 721 1534 757 Volumus
1558 726 1679 756 autem
1709 726 1746 755 vt
1768 720 1929 767 predifim

359 795 510 831 ecclesia
534 795 579 830 de
601 794 721 830 Soltre
749 799 785 829 et
812 793 944 828 fratres
973 791 1130 827 eiusdem
1156 790 1229 825 loci
1256 789 1292 824 in
1320 789 1400 824 suos
1426 789 1507 823 vsus
1535 794 1571 824 et
1597 800 1797 836 pauperum
1822 787 1931 822 habe-

360 870 422 900 ant
451 868 602 899 teneant
633 869 669 897 et
699 860 900 910 poffideant
926 860 1104 908 prefatam
1136 858 1325 894 ecclesiam
1357 858 1402 892 de
1435 856 1661 905 Ormystoun
1697 856 1788 891 adeo
1817 856 1932 891 libere

360 932 481 979 quiete
499 931 662 980 plenarie
682 936 718 966 et
736 929 937 964 honorifice
957 928 1046 964 sicut
1065 928 1188 974 aliqua
1206 927 1334 961 domus
1361 925 1530 972 religiosa
1548 925 1697 971 aliquod
1716 924 1932 960 beneficium

360 1001 396 1035 in
426 1000 637 1047 episcopatu
668 997 792 1033 nostro
824 996 976 1032 liberius
1008 996 1171 1043 quiecius
1202 994 1390 1042 plenarius
1422 1000 1459 1029 et
1489 993 1796 1028 honorificencius
1825 992 1934 1028 habet

362 1074 462 1104 tenet
490 1068 550 1103 seu
576 1065 728 1115 possidet
756 1065 861 1101 saluis
889 1064 1151 1112 episcopalibus
1171 1085 1178 1093 ·
1198 1063 1266 1098 hiis
1293 1063 1442 1098 testibus
1467 1062 1616 1097 domino
1635 1061 1824 1097 Willelmo
1851 1074 1934 1097 can-

363 1137 512 1172 cellario
532 1135 670 1171 domini
689 1134 785 1182 regis
805 1133 1064 1169 archidiacono
1081 1131 1270 1167 Laudonie
1290 1131 1439 1166 domino
1459 1131 1582 1166 Alano
1603 1131 1648 1166 de
1670 1129 1802 1166 saneto
1824 1129 1935 1166 Claro

363 1204 477 1240 milite
507 1204 673 1239 lValtero
710 1203 754 1238 de
791 1201 989 1249 Lyndissay
1022 1200 1208 1236 Willelmo
1244 1200 1289 1235 de
1324 1200 1473 1248 Gulyne
1510 1198 1705 1234 senescallo
1741 1198 1865 1234 nostro
1901 1206 1934 1233 et

364 1273 487 1309 multis
507 1272 599 1308 aliis.

368 1421 481 1457 Carta
500 1419 636 1455 domini
656 1418 799 1454 Thome
819 1418 864 1453 de
883 1417 1079 1466 Lestalryk
1098 1417 1143 1452 de
1163 1415 1314 1452 dimidia
1332 1415 1457 1452 celdra
1475 1415 1660 1451 frumenti.

367 1523 573 1575 Vniuerfis
596 1537 716 1571 san&e
745 1535 870 1571 matris
898 1534 1048 1570 ecclesie
1066 1534 1147 1570 filiis
1173 1534 1320 1582 presens
1347 1533 1517 1581 scriptum
1539 1533 1665 1569 visuris
1685 1533 1743 1568 vel
1761 1533 1941 1569 audituris

369 1607 537 1642 dominus
557 1604 718 1640 Thomas
746 1604 791 1639 de
811 1602 1006 1651 Lestalryk
1034 1608 1198 1638 eternam
1226 1602 1262 1637 in
1289 1602 1450 1637 Domino
1478 1602 1629 1637 salutem
1650 1625 1657 1632 -
1678 1601 1837 1638 Nouerit
1864 1602 1940 1637 vni-

370 1675 519 1711 uerfitas
549 1672 670 1709 vestra
698 1684 756 1707 me
786 1671 910 1706 diuine
941 1670 1101 1706 caritatis
1131 1670 1267 1706 intuitu
1295 1674 1331 1704 et
1357 1681 1423 1717 pro
1453 1669 1642 1705 animabus
1668 1670 1782 1717 patris
1808 1670 1880 1705 mei
1905 1676 1941 1705 et

371 1743 496 1779 matris
515 1753 595 1777 mee
614 1747 650 1777 et
669 1753 735 1788 pro
761 1739 949 1775 animabus
976 1738 1090 1786 patris
1109 1744 1146 1774 et
1164 1737 1289 1773 matris
1307 1737 1465 1785 Agnetis
1483 1737 1608 1784 sponse
1626 1750 1706 1772 mee
1725 1743 1761 1773 et
1779 1737 1940 1773 omnium

372 1816 564 1859 parentum
588 1808 796 1844 nostrorum
824 1808 1087 1843 antecessorum
1104 1812 1140 1842 et
1158 1805 1396 1842 successorum
1415 1818 1561 1841 necnon
1580 1811 1616 1840 et
1633 1805 1747 1841 salute
1766 1805 1887 1840 nostre
1907 1812 1942 1840 et

374 1880 549 1915 heredum
567 1878 775 1913 nostrorum
795 1875 929 1912 dedisse
949 1873 1153 1911 eonceffiffe
1180 1880 1215 1909 et
1233 1874 1303 1909 hac
1321 1873 1481 1921 presenti
1501 1880 1604 1908 carta
1621 1885 1702 1908 mea
1720 1873 1942 1909 confirmasse

376 1948 458 1984 Deo
478 1953 514 1983 et
529 1945 699 1993 hospitali
719 1944 848 1980 sanae
868 1943 1063 1979 Trinitatis
1082 1943 1127 1978 de
1148 1942 1268 1978 Soltre
1287 1948 1323 1978 et
1341 1942 1513 1977 fratribus
1531 1941 1666 1977 ibidem
1685 1941 1768 1976 Deo
1787 1941 1942 1977 seruien-

377 2017 472 2052 tibus
499 2020 535 2051 et
562 2013 750 2050 seruituris
778 2012 968 2048 dimidiam
996 2012 1158 2047 celdram
1184 2011 1359 2047 frumenti
1388 2010 1575 2046 annuatim
1599 2010 1874 2057 percipiendam
1899 2010 1943 2045 de

378 2097 434 2120 me
453 2089 489 2119 et
507 2082 703 2118 heredibus
728 2080 818 2116 meis
844 2080 908 2115 fibi
937 2085 973 2115 et
1002 2078 1260 2115 successoribus
1290 2078 1360 2114 suis
1389 2079 1436 2114 ad
1464 2077 1593 2113 festum
1617 2076 1739 2113 sanai
1758 2077 1944 2113 Nicholaii

381 2152 477 2199 apud
510 2149 705 2197 Lestalryk
732 2149 770 2184 in
798 2160 928 2195 puram
955 2153 992 2183 et
1017 2152 1230 2196 perpetuam
1257 2146 1479 2182 elimosinam
1498 2166 1506 2173 ·
1523 2146 1594 2181 hiis
1622 2144 1770 2181 testibus
1798 2145 1944 2181 domino

383 2219 568 2254 Willelmo
588 2218 633 2253 de
653 2216 768 2252 Bosco
787 2215 1008 2252 cancellario
1027 2215 1166 2251 domini
1184 2215 1281 2263 regis
1300 2214 1460 2250 Ricardo
1479 2220 1514 2250 et
1533 2213 1693 2259 Hugone
1713 2212 1856 2248 clericis
1874 2213 1946 2248 suis

383 2287 554 2334 magistro
574 2285 735 2321 Ricardo
755 2285 799 2319 de
819 2283 991 2319 Morauia
1008 2283 1162 2331 persona
1180 2285 1224 2318 de
1244 2282 1349 2318 Halis
1368 2282 1490 2318 Alano
1509 2287 1546 2317 et
1563 2280 1728 2328 Philippo
1748 2280 1946 2328 capellanis

387 2355 431 2390 de
450 2353 643 2402 Lestalryk
658 2353 843 2389 Baldredo
863 2351 1053 2399 capellano
1073 2356 1109 2387 et
1126 2350 1247 2387 multis
1266 2350 1354 2386 aliis.
