2147 2964
125 1007 194 1043 146

550 297 762 336 SANCTE
790 298 1108 336 TRINITATIS
1137 300 1207 336 DE
1235 301 1567 338 EDINBURGII.
1776 305 1842 340 163

267 465 384 500 abone
404 465 464 500 the
483 465 568 500 kirk
589 467 661 501 and
680 473 744 514 put
769 467 891 502 tharne
919 467 955 502 in
976 467 1037 502 the
1059 468 1142 503 wolt
1162 468 1250 503 viis.
1296 469 1387 504 Item
1409 469 1464 504 sor
1483 482 1551 505 ane
1572 483 1705 505 cannes
1725 471 1835 507 claith

267 534 383 569 abone
411 534 471 570 the
499 534 606 569 bukis
634 535 771 570 behind
800 535 859 571 the
892 536 951 571 hie
980 536 1074 572 altar
1102 537 1165 571 iis.
1212 537 1302 572 Item
1331 538 1386 572 for
1406 537 1466 573 the
1494 539 1732 586 reparacioun
1763 541 1834 575 and

264 602 415 649 sclating
432 602 473 636 of
495 601 556 637 the
584 602 689 648 queir
709 603 748 637 of
766 602 979 639 Ormistoun
1002 603 1068 638 vli.
1117 604 1206 639 Item
1237 618 1279 640 ex
1310 605 1605 641 consideracione
1627 608 1832 644 auditorum

263 669 436 716 magistro
457 669 633 704 Michaeli
652 670 753 705 Loch
774 683 819 705 xx
833 683 860 705 s.

364 735 510 773 Summa
528 736 764 784 expensarum
790 738 875 773 xxix
890 738 926 773 li.
949 739 1022 773 vis.
1045 739 1105 774 viii
1119 740 1152 774 d.
1184 746 1219 775 et
1247 740 1292 775 lic
1321 741 1594 788 supcrcxposuit
1622 750 1833 790 computans

411 803 493 838 vili.
518 805 588 839 vis.
612 804 672 839 viii
690 805 724 840 d.

259 992 493 1046 Communi
523 1010 662 1057 egregii
682 1010 750 1045 viri
779 1010 940 1058 magistri
959 1011 1141 1047 Johannis
1159 1012 1283 1061 Brady
1304 1014 1554 1050 archidiaconi
1574 1016 1762 1053 Laudonie
1791 1032 1831 1053 ac

258 1076 430 1125 prepofiti
460 1077 591 1113 Sancte
623 1078 820 1114 Trinitatis
856 1091 968 1127 prope
1004 1079 1216 1115 Edinburch
1258 1081 1441 1117 redditum
1481 1084 1576 1130 apud
1614 1084 1831 1133 Edinburgh

259 1146 460 1194 penvltimo
491 1146 661 1183 Januarii
696 1160 793 1183 anno
823 1148 857 1183 i¹¹³
882 1152 915 1183 ve
944 1149 1137 1184 vndecimo
1167 1149 1211 1184 de
1242 1151 1409 1185 omnibus
1438 1152 1594 1199 receptis
1623 1154 1692 1189 suis
1720 1168 1741 1190 a
1760 1155 1832 1190 xxi¹'

257 1214 429 1250 Januarii
448 1228 545 1250 anno
565 1217 598 1251 im
619 1220 652 1250 vc
673 1219 812 1251 octauo.

260 1282 360 1318 Idem
382 1289 595 1330 compotans
616 1291 745 1320 onerat
773 1298 810 1320 se
839 1285 883 1320 de
904 1298 999 1320 anno
1022 1290 1053 1319 ve
1072 1286 1215 1320 decimo
1235 1292 1270 1321 ct
1290 1286 1334 1321 de
1355 1299 1451 1321 anno
1469 1291 1503 1322 vc
1524 1289 1715 1325 vndecimo
1737 1292 1831 1327 etde

261 1364 330 1386 vno
350 1351 506 1387 termino
526 1352 699 1387 videlieet
719 1357 753 1387 vc
779 1366 876 1388 nono
897 1360 932 1389 et
953 1354 999 1389 sic
1019 1355 1064 1389 (le
1085 1354 1226 1388 duobus
1251 1354 1354 1389 annis
1381 1368 1461 1389 cum
1484 1369 1554 1390 vno
1575 1358 1732 1393 termino
1751 1371 1829 1406 per-

258 1421 373 1468 ceptis
393 1421 427 1455 in
449 1433 545 1456 anno
565 1421 638 1456 xxii
652 1421 689 1456 li.
712 1422 848 1456 summa
867 1421 901 1456 lv
915 1422 952 1456 li.
983 1422 1027 1456 de
1054 1422 1161 1457 terris
1189 1422 1233 1457 de
1254 1422 1426 1458 Rallerno
1455 1437 1577 1460 coram
1604 1426 1830 1463 auditoribus

258 1490 472 1538 supradictis
491 1496 527 1525 et
546 1490 796 1537 receptoribus
816 1490 1012 1526 secundum
1034 1496 1195 1525 tenorem
1216 1491 1447 1527 fundaeionis
1468 1514 1474 1520 ·
1498 1492 1646 1529 Summa
1664 1501 1775 1541 patet.

358 1557 507 1594 Summa
526 1559 755 1594 oneracionis
774 1558 807 1593 lv
821 1558 855 1593 li.

258 1626 425 1674 Expense
461 1627 618 1661 eiusdem
651 1647 658 1653 -
688 1626 908 1662 Allocantur
945 1628 1168 1674 compotanti
1207 1628 1250 1662 de
1289 1629 1563 1676 superexpositis
1600 1631 1669 1665 suis
1702 1631 1775 1667 xlvi
1790 1632 1824 1667 li.

257 1696 277 1730 ii
293 1709 320 1730 s.
339 1695 402 1730 viii
416 1696 450 1730 d.
498 1695 590 1730 Item
612 1694 818 1730 allocantur
837 1696 1059 1743 coinpotanti
1089 1708 1154 1742 pro
1173 1696 1313 1731 duobus
1333 1698 1543 1733 cantoribus
1560 1698 1597 1733 in
1617 1699 1728 1734 choro
1747 1713 1824 1748 per-

256 1763 475 1811 cipientibus
495 1763 532 1798 in
553 1775 649 1798 anno
671 1763 740 1798 xli.
761 1764 899 1798 summa
918 1776 987 1798 xxv
1001 1763 1037 1798 li.
1084 1764 1176 1799 Item
1204 1777 1269 1812 pro
1289 1765 1432 1812 pictura
1464 1765 1593 1802 sanae
1613 1767 1770 1804 Katrine
1790 1777 1823 1805 et

255 1832 440 1868 aurifabro
469 1832 520 1867 iiii
534 1832 571 1867 li.
622 1831 714 1867 Item
747 1844 814 1879 pro
846 1831 1017 1866 dorsoriis
1050 1832 1179 1881 ligneis
1210 1833 1246 1868 in
1277 1834 1417 1880 capella
1445 1834 1516 1870 siue
1545 1835 1660 1871 insula
1694 1836 1822 1874 sanae

256 1900 375 1936 Marie
392 1900 501 1936 xxxix
515 1913 541 1935 s.
584 1899 631 1935 Et
648 1900 765 1935 eidem
783 1912 850 1947 pro
869 1900 901 1935 le
917 1901 1050 1947 orphzcs
1068 1900 1186 1936 casule
1205 1901 1309 1949 nigre
1327 1902 1371 1936 (le
1391 1904 1514 1950 (sorsat
1533 1916 1577 1938 xx
1591 1916 1615 1938 s.
1662 1904 1708 1939 Et
1726 1905 1821 1941 idem

254 1981 320 2016 pro
335 1968 475 2004 duabus
494 1967 608 2015 petris
628 1968 743 2003 stanni
762 1968 851 2003 viis.
897 1968 944 2004 Et
963 1968 1079 2004 eidem
1101 1981 1166 2016 pro
1186 1970 1263 2004 sera
1283 1976 1387 2016 porte
1408 1971 1645 2007 occidentalis
1665 1973 1821 2010 eiusdem

253 2036 397 2084 collegii
419 2036 509 2071 iiiis.
553 2035 645 2070 Item
667 2035 784 2070 eidem
812 2049 877 2083 pro
900 2037 1133 2072 correccionc
1153 2043 1188 2072 et
1208 2038 1470 2073 emendacione
1490 2052 1710 2087 organorum
1730 2042 1779 2077 lvi
1793 2055 1819 2077 s.

254 2105 382 2141 Eidem
407 2117 472 2152 pro
499 2104 628 2151 papiro
657 2110 692 2139 et
725 2103 903 2152 stipendio
935 2105 1029 2140 datis
1060 2105 1207 2139 domino
1238 2105 1400 2141 Roberto
1429 2106 1552 2155 Brady
1577 2120 1648 2143 xxx
1663 2122 1690 2144 s.
1718 2109 1769 2145 iiii
1785 2111 1819 2146 d.

255 2173 382 2209 Eidem
401 2185 468 2220 pro
484 2172 579 2207 libro
597 2173 754 2220 compoti
774 2173 851 2207 xiiii
867 2186 893 2208 s.
942 2173 988 2209 Et
1007 2173 1275 2208 laboratoribus
1293 2186 1480 2209 murorum
1501 2176 1546 2210 ad
1567 2177 1818 2215 eirculandum

252 2241 446 2289 collegium
465 2240 663 2289 predictum
685 2240 758 2275 xxii
771 2253 796 2275 s.
844 2240 891 2276 Et
911 2254 977 2288 pro
998 2241 1096 2277 calce
1116 2241 1160 2276 do
1185 2242 1334 2288 antiqua
1362 2242 1454 2278 resta
1475 2244 1510 2278 ix
1523 2257 1550 2278 s.
1596 2244 1644 2280 Et
1662 2258 1729 2292 pro
1749 2260 1819 2283 vna

251 2311 283 2346 le
299 2309 455 2358 Estland
471 2310 562 2344 hurd
581 2322 599 2342 v
613 2321 640 2343 s.
661 2309 696 2343 ix
710 2308 744 2343 d.
782 2307 874 2343 Item
895 2309 1010 2344 eidem
1031 2322 1095 2357 pro
1110 2310 1249 2345 duabus
1269 2311 1381 2358 petris
1401 2317 1437 2346 et
1455 2312 1594 2348 duabus
1613 2313 1715 2350 libris
1730 2315 1815 2350 ferri

252 2391 318 2425 pro
337 2379 368 2414 le
386 2378 513 2413 bandis
532 2377 606 2412 xiiii
620 2390 645 2412 s.
665 2376 691 2412 ii
705 2377 738 2412 d.
758 2377 911 2412 duarum
939 2384 1127 2425 portarum
1147 2399 1153 2404 -
1173 2379 1220 2414 Et
1240 2379 1357 2415 eidem
1381 2393 1446 2428 pro
1467 2381 1580 2417 clauis
1599 2382 1683 2430 ipsis
1702 2386 1816 2432 portis

254 2459 312 2482 vs.
332 2446 394 2481 viii
407 2446 440 2481 d.
486 2445 534 2481 Et
560 2445 677 2481 eidem
706 2457 772 2492 pro
800 2445 831 2480 le
857 2447 947 2492 rcffet
973 2452 1008 2481 et
1034 2447 1154 2482 butiro
1182 2448 1331 2494 prefatis
1357 2449 1469 2496 portis
1498 2450 1535 2485 iii
1551 2463 1575 2485 s.
1605 2452 1667 2487 viii
1681 2453 1715 2488 d.
1770 2454 1815 2491 Et
