2147 2964
226 2298 284 2327 44.

329 285 375 315 38
790 274 1108 312 REGISTRUM
1136 273 1442 310 CARTARUM

329 379 515 415 effundere
548 376 730 412 hominem
763 382 901 411 temere
934 386 1066 421 capere
1099 373 1156 409 vel
1187 373 1396 409 interficere
1428 372 1489 407 scu
1521 371 1740 407 violenciam
1771 371 1903 408 audeat

329 459 523 483 excercere
554 467 560 474 ·
595 450 763 493 preterea
799 456 924 478 omnes
959 442 1149 478 libertates
1185 448 1220 477 et
1255 441 1505 476 immunitates
1539 453 1561 476 a
1592 439 1903 488 predecessoribus

330 516 460 552 nostris
483 513 659 550 Romanis
687 512 920 560 pontificibus
948 510 1098 547 ecclesie
1126 511 1244 546 vestre
1272 510 1454 546 concessas
1482 522 1627 545 necnon
1653 509 1841 545 libertates
1869 516 1905 544 et

330 583 583 631 exempciones
619 581 834 617 secularium
880 580 1118 615 exaccionum
1156 593 1177 615 a
1212 580 1361 628 regibus
1397 585 1433 615 et
1467 579 1696 627 principibus
1734 579 1790 614 vel
1825 578 1905 614 aliis

328 653 495 689 fidelibus
526 650 802 686 racionabiliter
832 649 934 684 vobis
970 648 1132 684 indultas
1165 649 1383 684 auctoritate
1417 648 1617 696 apostolica
1648 648 1904 683 confirmamus

330 730 365 758 et
398 720 576 769 presentis
610 718 733 766 scripti
770 717 967 765 priuilegio
1004 717 1270 752 communimus
1298 738 1305 746 ·
1334 716 1586 752 Discernimus
1623 728 1711 763 ergo
1744 721 1783 751 vt
1813 715 1904 750 nulli

330 790 477 825 omnino
496 788 684 824 hominum
703 786 812 822 liceat
830 786 1010 833 prefatam
1039 785 1226 821 ecclesiam
1254 785 1471 832 perturbare
1496 797 1565 820 nec
1585 784 1660 819 eius
1678 783 1906 831 possessiones

331 859 474 893 auferre
499 857 557 892 vel
585 855 723 891 ablatas
750 854 910 889 retinere
937 853 1101 888 minuere
1129 854 1191 888 seu
1219 853 1436 900 quibussibet
1463 852 1723 888 vexacionibus
1751 852 1906 899 fatigare

330 927 390 961 sed
405 939 448 961 ea
460 924 583 960 omnia
596 924 742 971 integra
757 922 1021 958 conseruantur
1037 934 1163 958 eorum
1178 935 1245 969 pro
1259 934 1413 969 quorum
1426 920 1700 969 gubernacione
1716 933 1758 956 ac
1773 919 1906 956 susten—

331 995 475 1030 tacione
512 991 675 1028 concessa
710 992 792 1026 sunt
827 990 945 1025 vfibus
981 989 1199 1025 omnimodis
1230 990 1424 1036 profutura
1453 988 1554 1023 salua
1588 988 1681 1023 sedis
1711 988 1906 1036 apostolice

332 1062 547 1099 auctoritate
565 1066 601 1096 et
620 1058 813 1095 diocefl'ani
833 1058 989 1106 episcopi
1015 1057 1195 1093 canonica
1221 1057 1363 1093 iusticia
1381 1077 1388 1084 -
1411 1057 1448 1092 Si
1467 1069 1540 1103 qua
1557 1056 1670 1104 igitur
1688 1057 1726 1092 in
1745 1057 1905 1092 futurum

332 1131 574 1168 ecclesiastica
601 1128 815 1165 secularisve
843 1128 998 1174 persona
1023 1126 1119 1161 hanc
1146 1126 1269 1160 nostre
1289 1124 1583 1160 confirmacionis
1600 1125 1773 1172 paginam
1792 1125 1908 1160 sciens

333 1207 462 1236 contra
493 1212 572 1235 eam
605 1204 742 1233 temere
774 1196 897 1231 venire
932 1193 1168 1241 temptauerit
1202 1194 1361 1229 secundo
1397 1192 1558 1229 terciove
1591 1192 1813 1228 commonita
1843 1192 1907 1227 nifi

332 1276 474 1306 reatum
509 1268 610 1303 suuni
647 1278 812 1313 congrua
847 1262 1093 1299 satiffaccione
1133 1262 1336 1298 correxerit
1376 1261 1565 1310 potestatis
1600 1261 1820 1308 honorisque
1856 1261 1907 1296 sui

332 1344 456 1374 careat
475 1337 654 1385 dignitate
673 1347 848 1381 reamque
873 1332 908 1368 se
928 1332 1054 1367 diuino
1081 1330 1218 1366 iudicio
1246 1330 1401 1366 existere
1419 1331 1464 1366 de
1483 1335 1695 1378 perpetrata
1715 1330 1908 1377 iniquitate

332 1407 525 1455 cognoscat
544 1412 580 1440 et
599 1418 620 1440 a
639 1402 853 1439 sanctissimo
882 1413 1037 1448 corpore
1061 1412 1104 1435 ac
1127 1399 1303 1446 sanguine
1321 1398 1395 1434 Dei
1422 1405 1458 1434 et
1478 1398 1631 1434 Domini
1652 1398 1908 1446 Redemptoris

331 1476 443 1512 nostri
462 1474 576 1511 Jhesu
597 1471 733 1509 Christi
753 1470 874 1506 aliena
890 1469 954 1504 fiat
979 1474 1089 1516 atque
1116 1468 1155 1503 in
1181 1474 1344 1504 extremo
1364 1468 1530 1504 examine
1549 1467 1708 1504 districte
1727 1468 1908 1504 subiaceat

332 1543 467 1579 vlcioni
481 1564 488 1571 ·
503 1541 652 1579 Cunctis
671 1545 793 1575 autem
814 1538 931 1574 eidem
952 1537 1033 1572 loco
1053 1536 1115 1572 sua
1133 1536 1214 1572 iura
1233 1537 1461 1573 seruantibus
1480 1537 1523 1574 fit
1540 1550 1611 1585 pax
1625 1537 1779 1572 Domini
1795 1537 1909 1572 nostri

331 1613 445 1648 Jhesu
477 1610 613 1648 Christi
647 1614 828 1656 quatenus
860 1613 896 1642 et
926 1606 987 1641 hic
1019 1605 1175 1641 fructum
1202 1606 1298 1642 bone
1327 1606 1489 1642 accionis
1516 1606 1724 1653 percipiant
1751 1612 1787 1641 et
1812 1607 1909 1653 apud

335 1682 496 1717 strictum
516 1680 541 1716 J
545 1679 690 1714 udicem
716 1676 858 1725 premia
885 1682 1011 1711 eterne
1038 1674 1138 1722 pacis
1166 1674 1358 1709 inueniant
1377 1693 1384 1701 ·
1402 1673 1542 1709 Datum
1561 1673 1678 1709 Rome
1696 1686 1762 1720 per
1779 1686 1909 1709 manus

335 1749 496 1798 magistri
524 1745 700 1783 Willelmi
729 1745 849 1780 sanae
879 1744 1044 1779 Romane
1073 1741 1222 1778 ecclesie
1253 1742 1556 1778 vicecancellario
1587 1741 1805 1777 duodecimo
1835 1741 1909 1777 Ka-

335 1816 655 1854 lendasofitobris
683 1813 893 1849 indiccione
920 1814 1050 1847 octaua
1075 1810 1346 1846 incarnacionis
1374 1809 1571 1846 Dominice
1599 1822 1695 1845 anno
1718 1809 1908 1846 millefimo

336 1892 412 1922 ccmo
443 1884 623 1922 trieefimo
655 1883 756 1919 sexto
790 1880 1025 1929 pontificatus
1058 1892 1145 1916 vero
1178 1878 1315 1914 domini
1350 1878 1523 1927 Gregorii
1559 1891 1652 1926 pape
1687 1878 1776 1914 noni
1811 1891 1908 1913 anno

337 1955 477 1990 decimo
496 1975 504 1982 ·
523 1953 656 1989 Amen.

338 2103 535 2150 Inquificio
563 2101 661 2149 regis
687 2098 894 2135 Alexandri
924 2099 969 2134 de
1001 2097 1243 2133 contencione
1274 2097 1372 2132 inter
1402 2095 1613 2143 magistrum
1641 2100 1678 2130 et
1701 2094 1832 2130 fratres
1862 2095 1907 2130 de

340 2172 459 2207 Soltre
479 2156 515 2207 et
534 2170 739 2205 WValterum
759 2168 804 2203 de
824 2166 995 2202 Morauia
1013 2167 1119 2213 super
1138 2171 1245 2201 traua
1261 2165 1360 2201 bladi
1379 2165 1423 2200 de
1443 2163 1584 2200 carneis
1603 2163 1685 2198 suis.

343 2278 573 2329 Alexander
592 2291 666 2327 Dei
684 2290 810 2338 gracia
828 2303 893 2326 rex
912 2288 1121 2324 Scottorum
1141 2287 1343 2323 venerabili
1366 2286 1463 2334 patri
1490 2286 1526 2320 in
1547 2284 1696 2322 Christo
1715 2284 1760 2320 R.
1781 2285 1908 2320 eadem

341 2361 466 2407 gracia
492 2361 659 2407 episcopo
681 2358 894 2407 Glasguenfi
920 2358 1070 2393 salutem
1090 2378 1097 2385 ·
1119 2355 1300 2392 Mittimus
1319 2356 1364 2391 de
1384 2355 1495 2390 verbo
1522 2354 1569 2390 ad
1588 2353 1737 2388 verbum
1762 2352 1909 2399 inquisi-

343 2429 485 2464 cionem
505 2429 633 2464 sacuam
661 2429 758 2475 apud
778 2426 980 2473 Roxburgh
1006 2426 1112 2473 super
1135 2423 1376 2460 contencione
1403 2428 1501 2458 mota
1527 2422 1624 2457 inter
1642 2420 1853 2469 magistrum
1873 2428 1909 2457 et
