2147 2964
209 1241 221 1271 l
232 1238 278 1272 (55

349 323 415 355 184
649 316 965 354 REGISTRUM
991 315 1244 354 ECCLESIE
1273 317 1617 355 COLLEGIATE

346 418 606 454 liberacionem
626 417 755 453 factam
777 417 926 452 domino
946 416 1134 452 Willelmo
1155 416 1314 465 Tempill
1342 418 1524 466 receptori
1551 418 1714 466 generali
1733 419 1918 455 firmarum

345 486 429 522 dieti
451 486 595 534 collegii
624 486 659 521 in
679 486 873 521 duodecim
901 485 1005 520 libris
1033 486 1079 521 ad
1102 485 1279 520 fabricam
1300 491 1335 521 et
1355 486 1454 521 vsum
1474 486 1560 522 disti
1580 486 1727 533 collegii
1747 486 1821 534 ipso
1840 500 1920 534 pre-

344 557 442 591 sente
460 561 495 591 et
514 555 652 591 fatente
670 554 933 590 liberacionem
953 554 1059 601 super
1079 559 1287 601 compotum
1307 560 1343 589 et
1360 567 1428 602 pro
1448 555 1578 602 quibus
1598 561 1668 590 etc.
1688 555 1921 602 respondebit

343 624 391 659 xii
406 624 443 659 li.
496 624 544 659 Et
562 624 680 659 eidem
708 636 774 671 per
794 622 1014 658 solucionem
1042 622 1174 657 saetam
1199 622 1347 657 domino
1368 623 1512 659 Thome
1534 623 1633 659 Guld
1662 635 1729 670 pro
1749 623 1920 659 sustenta-

343 693 449 729 cione
467 705 665 740 puerorum
693 692 740 727 ad
766 691 998 727 seruiendum
1026 691 1063 725 in
1083 690 1179 725 dieto
1200 690 1355 738 collegio
1374 691 1665 739 percipiencium
1685 692 1723 726 in
1743 704 1840 727 anno
1860 692 1920 726 sex

342 762 453 797 libras
472 762 517 797 de
538 762 640 796 dietis
668 761 834 796 terminis
862 760 1023 807 compoti
1052 758 1136 794 vili.
1190 758 1239 794 Et
1261 759 1426 794 Johanni
1457 759 1653 794 Howisone
1682 759 1825 795 cantori
1853 772 1920 807 pro

342 830 494 866 seruicio
523 830 583 865 suo
610 830 648 865 in
676 829 773 864 dicto
801 828 956 876 collegio
984 828 1029 863 de
1057 826 1222 863 terminis
1249 828 1406 875 compoti
1436 827 1535 862 iiiili.
1589 827 1637 863 Et
1664 828 1854 864 serieando
1882 828 1918 862 in

342 900 449 935 feodo
469 899 530 934 suo
550 899 594 933 de
614 898 710 933 dieto
731 910 828 933 anno
848 896 1005 944 compoti
1025 896 1128 931 xiiis.
1149 895 1199 931 iiii
1213 896 1248 931 d.

446 967 594 1003 Summa
612 966 850 1014 expensarum
872 978 942 1000 xxv
953 965 990 1000 li.
1016 964 1100 1000 xviii
1113 977 1141 999 s.
1162 964 1222 999 viii
1237 965 1270 1000 d.
1291 972 1327 1000 et
1346 964 1393 1001 fic
1413 965 1686 1013 superexposuit
1707 972 1920 1014 compotens

493 1048 563 1070 xxv
577 1047 604 1070 s.
625 1034 677 1069 iiii
692 1035 727 1069 d.

343 1225 579 1279 COMPOTUM
609 1239 746 1275 domini
774 1238 951 1274 willelmi
982 1238 1144 1286 Tempill
1171 1239 1373 1286 receptoris
1400 1239 1586 1274 firmarum
1615 1239 1762 1286 collegii
1790 1239 1920 1275 Sancte

345 1310 539 1346 Trinitatis
567 1321 681 1357 prope
709 1307 928 1355 Edinburgh
955 1307 1140 1342 redditum
1165 1319 1229 1354 per
1257 1307 1413 1342 eundem
1441 1307 1539 1354 apud
1564 1306 1697 1341 dictum
1728 1306 1920 1355 collegium

344 1382 472 1414 octauo
493 1379 550 1413 die
577 1376 707 1412 mensis
727 1376 921 1411 Februarii
949 1388 1045 1411 anno
1070 1375 1222 1410 Domini
1250 1374 1439 1409 millefimo
1467 1374 1759 1422 quingentesimo
1779 1375 1922 1410 decimo

343 1460 440 1483 nono
469 1447 513 1481 de
542 1445 712 1480 omnibus
741 1445 899 1491 receptis
928 1443 996 1479 suis
1024 1450 1060 1480 et
1089 1443 1253 1491 expensis
1281 1456 1302 1479 a
1329 1443 1388 1479 die
1416 1443 1586 1479 vicesimo
1614 1444 1764 1491 septimo
1791 1444 1921 1480 mentis

343 1515 434 1551 Maii
463 1514 550 1550 anni
578 1512 732 1560 predicti
760 1512 870 1559 vsque
899 1512 933 1547 in
963 1512 1059 1548 diem
1087 1512 1196 1547 huius
1224 1512 1383 1560 compoti
1411 1518 1447 1548 et
1466 1507 1513 1548 fic
1534 1513 1578 1548 de
1599 1513 1740 1548 duobus
1759 1513 1923 1548 terminis

344 1583 515 1619 videlicet
538 1581 801 1618 Penthecostes
829 1586 864 1616 et
894 1580 1018 1617 Sanui
1047 1581 1201 1616 Martini
1230 1581 1327 1617 infra
1353 1581 1423 1617 hoc
1452 1588 1660 1630 compotum
1695 1582 1922 1618 auditoribus

343 1653 489 1688 domino
508 1650 692 1699 preposito
713 1656 749 1685 et
769 1650 901 1685 ceteris
919 1649 1182 1697 prebendariis.

343 1721 444 1757 Idem
466 1725 594 1755 onerat
613 1719 648 1755 se
667 1718 704 1753 in
725 1718 854 1766 primis
873 1719 918 1754 de
937 1718 1000 1754 lli.
1021 1719 1065 1754 de
1084 1718 1197 1753 firmis
1220 1719 1373 1753 re&orie
1393 1719 1438 1753 de
1459 1718 1627 1754 Kirkvrd
1646 1720 1690 1755 de
1711 1720 1814 1755 distis
1834 1721 1920 1756 duo-

343 1792 409 1826 bus
428 1789 592 1825 terminis
618 1789 777 1834 compoti
803 1787 962 1834 receptis
985 1800 1006 1822 a
1024 1787 1172 1822 domino
1192 1786 1409 1822 Alexandro
1431 1785 1533 1823 Scott
1551 1787 1713 1823 firmario
1733 1789 1891 1824 eiusdem
1913 1811 1919 1817 ·

344 1860 392 1895 Et
416 1860 460 1895 de
486 1858 535 1893 xii
548 1858 586 1893 li.
615 1857 774 1904 receptis
802 1869 823 1892 a
847 1856 993 1891 domino
1021 1855 1203 1903 preposito
1229 1856 1273 1891 de
1292 1855 1406 1890 firmis
1425 1861 1607 1891 terrarum
1627 1857 1672 1892 de
1692 1856 1865 1892 Ballerno
1886 1864 1921 1893 et

343 1928 538 1976 Lumphoy
558 1928 603 1962 de
623 1926 730 1962 dietis
755 1924 920 1961 terminis
948 1924 1106 1971 compoti
1132 1930 1170 1959 vt
1193 1929 1295 1972 patet
1314 1923 1352 1958 in
1374 1930 1543 1971 compoto
1563 1925 1700 1960 domini
1719 1926 1891 1973 prepofiti
1912 1949 1918 1954 -

445 2064 594 2101 Summa
612 2063 718 2098 huius
738 2061 969 2097 oneracionis
988 2060 1063 2096 lxvi
1076 2060 1113 2095 li.

346 2133 510 2181 Expense
539 2131 697 2167 eiusdem
718 2152 724 2158 ·
745 2130 789 2165 In
813 2129 942 2177 primis
970 2129 1176 2165 allocantur
1204 2130 1428 2177 compotanti
1456 2142 1523 2177 pro
1547 2131 1823 2178 superexpofitis
1851 2132 1920 2166 suis

346 2203 383 2236 in
404 2201 529 2236 vltimo
549 2205 718 2247 compoto
737 2199 797 2234 suo
818 2204 854 2233 vt
872 2203 974 2245 patet
1000 2197 1037 2233 in
1062 2198 1155 2245 pede
1175 2197 1333 2233 eiusdem
1352 2198 1405 2233 iiii
1417 2198 1454 2233 li.
1474 2198 1578 2233 xiiis.
1599 2198 1634 2233 vi
1646 2199 1680 2233 d.
1734 2198 1782 2234 Et
1801 2199 1918 2234 eidem

347 2283 411 2317 per
430 2269 650 2305 solucionem
673 2268 803 2303 saffeam
823 2266 970 2302 domino
990 2266 1178 2301 Willelmo
1198 2266 1345 2302 Wricht
1370 2279 1438 2314 pro
1462 2266 1727 2302 sustentacione
1747 2278 1830 2302 cere
1849 2267 1919 2302 olei

352 2338 424 2372 vini
450 2338 594 2372 locione
621 2348 828 2384 pannorum
848 2341 883 2371 et
902 2340 1200 2370 ornamentorum
1229 2341 1265 2370 et
1292 2335 1444 2371 aliorum
1466 2335 1745 2371 necessariorum
1766 2334 1802 2369 in
1822 2335 1919 2370 dieto

351 2404 506 2451 collegio
525 2404 734 2451 incipiendo
753 2404 790 2438 in
809 2403 899 2439 festo
919 2402 1179 2439 Penthecostes
1198 2403 1323 2438 vltime
1351 2402 1470 2449 elapso
1495 2402 1533 2437 in
1553 2402 1743 2438 duodecim
1763 2402 1865 2437 libris
1884 2410 1920 2438 et

353 2478 499 2508 tenetur
515 2472 713 2507 sustentare
729 2472 824 2506 dieta
839 2483 952 2506 onera
967 2471 1076 2517 vsque
1095 2471 1141 2506 ad
1162 2470 1287 2506 festum
1305 2470 1564 2506 Penthecostes
1577 2471 1741 2518 proxime
1756 2471 1917 2507 futurum
