2147 2964
184 440 251 475 119

321 281 389 316 146
619 278 936 316 REGISTRUM
963 279 1218 317 ECCLESIE
1246 280 1591 319 COLLEGIATE

318 430 378 486 Μ
384 461 545 485 Aoisrsn
575 449 759 485 Robertus
791 449 904 485 Pontt
932 449 1133 498 prepositus
1169 463 1251 486 cum
1286 451 1460 487 consensu
1494 452 1823 499 prebendariorum
1855 459 1890 489 et

316 519 477 567 magistri
505 519 691 567 hospitalis
719 519 910 554 confirmat
939 526 1076 555 cartam
1103 519 1167 555 sub
1199 520 1267 555 hac
1298 520 1415 555 forma
1437 541 1444 549 ·
1464 520 1637 557 JAcosz
1670 521 1890 570 Bannatyne

316 589 360 623 de
380 587 566 623 Kirktoun
594 588 638 623 de
667 587 831 636 Newtyll
861 600 904 623 ac
934 588 1055 636 oppidi
1083 587 1291 635 Edinburgi
1320 589 1509 636 burgensis
1537 590 1707 625 concedit
1733 589 1809 625 filio
1827 589 1890 625 suo

318 657 481 704 Georgio
495 656 714 704 Bannatyne
732 662 768 692 et
786 656 980 692 heredibus
996 657 1041 692 de
1057 669 1211 704 corpore
1226 656 1288 692 suo
1303 656 1482 704 legittime
1501 658 1739 705 procreandis
1758 658 1889 705 quibus

317 725 569 761 deficientibus
587 724 760 771 magistro
778 724 921 760 Jacobo
936 724 1157 773 Bannatyne
1176 724 1286 760 etiam
1305 724 1380 759 filio
1400 725 1461 760 suo
1482 731 1518 761 et
1536 725 1733 762 heredibus
1749 727 1794 762 de
1810 739 1888 762 cor-

316 807 404 841 pore
418 795 478 829 suo
490 794 668 841 legittime
680 793 919 841 procreandis
932 794 1063 840 quibus
1074 792 1329 828 deficientibus
1340 792 1503 829 Patricio
1512 793 1733 842 Bannatyne
1744 794 1819 830 filio
1828 795 1889 830 suo

317 868 353 897 et
371 862 566 898 heredibus
586 862 631 897 de
659 874 813 909 corpore
840 861 1017 909 legittime
1044 861 1284 909 procreandis
1303 861 1434 909 quibus
1453 861 1705 898 deficientibus
1725 862 1889 898 Roberto

318 930 537 978 Bannatyne
552 929 626 965 filio
645 930 706 965 suo
727 935 762 964 et
781 929 977 965 heredibus
996 929 1041 965 de
1061 942 1214 977 corpore
1234 929 1411 977 legittime
1426 930 1665 977 procreandis
1683 931 1814 978 quibus
1829 931 1889 966 de-

316 999 521 1035 ficientibus
536 997 702 1034 Henrico
718 997 938 1045 Bannatyne
952 998 1027 1033 filio
1043 998 1104 1033 suo
1120 1004 1156 1034 et
1171 998 1367 1034 heredibus
1382 999 1427 1034 de
1443 1011 1597 1046 corpore
1614 999 1792 1047 legittime
1807 1012 1889 1047 pro-

317 1067 485 1102 creandis
498 1067 628 1114 quibus
642 1066 894 1102 deficientibus
908 1065 1105 1101 heredibus
1119 1067 1164 1102 de
1180 1079 1332 1115 corpore
1348 1066 1455 1113 ipfius
1467 1066 1600 1102 Jacobi
1614 1067 1792 1115 legittime
1807 1081 1889 1115 pro-

317 1136 484 1172 creandis
499 1136 629 1183 quibus
646 1135 811 1171 omnibus
827 1134 1080 1170 deficientibus
1096 1134 1292 1170 heredibus
1310 1135 1380 1170 suis
1396 1135 1456 1170 seu
1471 1134 1656 1181 assignatis
1672 1136 1889 1182 quibuscun-

312 1203 386 1253 ‘que
402 1209 650 1241 tenementum
667 1204 768 1239 suum
784 1203 908 1238 iacens
928 1202 965 1237 in
981 1202 1068 1238 villa
1081 1203 1125 1238 de
1140 1202 1249 1238 Leith
1267 1216 1310 1238 ex
1330 1209 1434 1250 parte
1454 1203 1603 1239 australi
1619 1216 1712 1251 aque
1730 1204 1889 1240 eiusdem

317 1275 353 1309 in
383 1273 536 1309 baronia
563 1273 607 1308 de
635 1271 818 1318 Restalrig
846 1277 882 1307 et
909 1270 1165 1307 vicecomitatu
1193 1271 1238 1306 de
1266 1271 1482 1307 Edinburch
1509 1271 1607 1307 inter
1634 1277 1751 1308 terras
1776 1285 1889 1319 quon-

316 1344 398 1378 dam
420 1342 571 1377 Andree
593 1340 888 1388 Cunnynghame
906 1352 1005 1374 nunc
1027 1351 1112 1374 vero
1131 1339 1360 1386 pertinentes
1378 1339 1602 1376 Florentene

315 1423 358 1445 ex
387 1409 535 1445 australi
562 1415 699 1445 terram
727 1408 799 1443 fiue
827 1412 1075 1443 tenementum
1106 1408 1290 1454 quondam
1318 1407 1498 1444 Willelmi
1525 1408 1661 1444 Foular
1686 1422 1730 1445 ex
1750 1409 1890 1445 boreali

316 1490 545 1514 communem
565 1477 735 1512 vinellam
755 1489 799 1512 ex
819 1475 1039 1512 occidentali
1058 1481 1094 1512 et
1112 1482 1230 1512 terras
1247 1476 1385 1512 domini
1405 1477 1449 1512 de
1470 1476 1702 1524 Torphichin
1721 1484 1757 1514 et
1776 1491 1889 1525 quon-

317 1549 399 1583 dam
418 1547 575 1583 Joannis
605 1544 765 1594 Cousmg
791 1558 890 1581 nunc
917 1545 1027 1580 etiam
1055 1545 1195 1581 Dauidi
1222 1544 1369 1581 Melwie
1397 1545 1622 1592 pertinentes
1649 1559 1694 1581 ex
1721 1545 1889 1582 orientali

318 1630 474 1652 vnacum
492 1615 719 1651 dimidietate
748 1614 914 1650 clausure
942 1614 1094 1650 iacentis
1122 1626 1144 1649 a
1170 1618 1275 1661 tergo
1303 1613 1452 1649 alterius
1472 1619 1570 1649 terre
1590 1614 1790 1650 tenementi
1808 1628 1889 1662 pre·

317 1686 403 1722 dicti
431 1684 615 1733 quondam
642 1683 818 1719 heredum
848 1682 1025 1719 Willelmi
1052 1681 1196 1718 Fowler
1222 1681 1462 1729 propinquius
1490 1687 1588 1718 terre
1616 1687 1652 1717 et
1678 1687 1888 1718 tenemento

317 1753 488 1801 prediffis
508 1766 551 1788 ex
579 1751 718 1787 borcali
744 1757 848 1799 parte
876 1751 1034 1786 eiusdem
1054 1771 1061 1778 ·
1080 1750 1285 1786 Reddendo
1312 1750 1502 1786 annuatim
1528 1750 1771 1798 hospitalariis
1799 1753 1846 1786 20
1859 1764 1886 1786 s.

318 1829 463 1858 monete
482 1821 604 1858 Scotie
620 1842 626 1849 ·
642 1820 741 1856 saluo
757 1819 852 1855 dicto
867 1818 1009 1855 Jacobo
1023 1819 1352 1854 liberotenemento
1371 1831 1438 1866 pro
1458 1819 1624 1854 omnibus
1645 1819 1717 1854 vite
1736 1819 1864 1855 diebus
1881 1841 1886 1848 ,

318 1892 429 1939 Apud
456 1890 593 1938 Dysert
620 1889 657 1924 in
684 1887 715 1924 F
716 1888 773 1936 yff
801 1891 818 1923 1
847 1887 874 1923 J
878 1887 939 1922 ulii
968 1887 1062 1926 1572
1093 1899 1217 1922 coram
1243 1886 1390 1921 domino
1419 1886 1583 1934 Georgio
1620 1886 1886 1923 Strathachane

320 1960 456 1996 vicario
485 1960 529 1994 de
552 1958 689 2006 Dysert
707 1957 854 1993 Joanne
884 1955 1083 2004 Sampsoun
1109 1955 1246 2003 piam-e
1275 1960 1311 1990 et
1337 1954 1515 2002 burgense
1539 1955 1584 1989 de
1608 1953 1823 1990 Edinburch
1851 1961 1887 1991 et

318 2028 479 2064 Patricio
499 2027 719 2074 Bannatyne
737 2025 812 2060 filio
831 2024 856 2060 J
859 2024 962 2060 acobi
981 2045 989 2054 ·
1011 2022 1251 2060 Confirmatio
1271 2022 1357 2058 data
1384 2022 1482 2069 apud
1501 2021 1716 2058 Edinburch
1743 2022 1790 2059 26
1811 2022 1885 2057 No·

319 2095 475 2131 vembris
498 2097 591 2129 1582
623 2106 745 2129 coram
776 2092 949 2140 magistro
979 2092 1150 2139 Georgeo
1182 2090 1385 2126 Makesoun
1415 2090 1451 2125 in
1481 2090 1695 2126 Edinburch
1723 2089 1885 2126 Patricio

318 2164 443 2211 Logye
469 2162 605 2198 famulo
630 2161 804 2210 prepositi
830 2166 866 2197 et
892 2160 1038 2197 Joanne
1066 2160 1228 2196 Rowane
1254 2159 1433 2207 burgense
1460 2158 1567 2206 burgi
1595 2158 1640 2194 de
1669 2157 1883 2194 Edinburch

318 2245 399 2267 cum
419 2232 511 2267 aliis.

185 2361 253 2393 122⁰
321 2349 545 2404 Mummii
573 2368 756 2404 Robertus
783 2367 878 2403 Pont
905 2365 1104 2415 prepositus
1131 2364 1364 2413 prebendarii
1395 2363 1648 2411 capellanique
1676 2364 1883 2400 concedunt

317 2435 453 2470 ,Ioanni
489 2435 657 2470 Fentoun
693 2435 895 2471 rotulorum
931 2434 1172 2482 computatori
1207 2433 1304 2480 regis
1339 2438 1375 2468 et
1405 2432 1549 2479 Agnete
1580 2431 1776 2480 Lyndesay
1806 2434 1883 2469 eius
