2147 2964
340 319 412 352 288
713 314 892 351 CARTE
919 313 1171 351 ECCLESIE
1201 312 1544 351 COLLEGIATE

345 415 432 451 licet
458 414 600 461 aliquos
627 426 649 448 a
674 413 770 449 bono
803 426 912 462 opere
948 413 1135 449 retrahere
1171 413 1233 448 sed
1264 412 1376 448 cicius
1404 412 1450 448 ad
1481 412 1518 447 id
1546 412 1707 448 excitare
1734 418 1770 448 et
1797 412 1914 448 diuini

346 484 465 519 cultus
493 488 727 530 augmentum
757 482 980 530 summopere
1012 482 1181 517 affe&are
1210 481 1376 517 volumus
1411 481 1523 528 igitur
1551 481 1650 528 quod
1673 480 1699 516 fi
1727 482 1917 529 contingat

346 565 411 587 nos
430 557 493 587 aut
510 550 726 586 successores
744 550 886 585 nostros
905 550 1107 597 presentem
1126 549 1385 584 fundacionem
1401 554 1437 584 et
1450 549 1779 596 prebendariorum
1794 562 1919 584 nume·

345 633 426 655 rum
462 620 659 655 secundum
695 626 861 654 tenorem
900 618 1079 654 bullarum
1116 617 1398 665 apostolicarum
1433 617 1540 652 nouis
1574 617 1824 665 prebendariis
1857 624 1920 652 aut

345 688 521 724 fruffibus
540 700 675 735 augere
703 687 878 734 ampliare
901 692 937 722 et
960 686 1155 722 autoritate
1176 687 1294 722 vestra
1313 685 1415 721 vnire
1442 691 1478 721 et
1502 685 1739 732 incorporare
1766 686 1918 733 preben-

346 756 440 792 darii
460 755 661 802 ampliandi
680 754 839 802 augendi
859 761 895 790 et
914 754 1073 789 addendi
1098 754 1310 789 subiaceant
1334 760 1368 789 et
1397 754 1548 789 subeant
1570 753 1703 789 statuta
1721 759 1756 788 et
1775 754 1917 789 ordina-

345 825 469 860 ciones
489 823 690 859 antedifitas
710 836 792 858 cum
820 822 1014 857 addicione
1043 822 1248 857 mutacione
1276 821 1524 857 diminucione
1552 830 1587 856 et
1615 821 1694 856 aliis
1713 827 1749 856 et
1769 821 1917 869 singulis

346 893 523 929 faciendis
544 892 634 927 ficut
662 904 728 926 nos
758 896 820 926 aut
850 890 1065 926 successores
1092 890 1206 925 nostri
1236 889 1363 926 Scocie
1392 902 1497 936 reges
1524 901 1590 937 pro
1621 889 1732 924 salute
1760 894 1795 924 et
1822 890 1918 924 bono

345 961 523 1009 regimine
543 960 627 995 diffi
647 959 803 1006 collegii
830 958 1066 1006 imposterum
1095 958 1327 993 condiderint
1346 978 1353 985 ·
1374 957 1466 993 Item
1496 957 1683 992 statuimus
1711 963 1746 993 et
1774 957 1917 993 ordina-

344 1043 422 1065 mus
442 1030 540 1076 quod
567 1029 604 1063 in
625 1028 721 1063 diffisa
748 1027 872 1063 nostra
899 1027 1051 1062 ecclesia
1078 1026 1272 1074 collegiata
1300 1026 1478 1062 matutine
1505 1026 1543 1060 in
1572 1026 1683 1061 estate
1711 1026 1802 1061 hora
1820 1026 1916 1060 sexta

345 1099 390 1134 de
410 1110 515 1133 mane
543 1097 581 1132 in
600 1097 732 1144 hyeme
753 1108 840 1131 vero
867 1101 952 1131 ante
980 1095 1167 1142 septimam
1193 1095 1331 1130 summa
1356 1094 1455 1129 missa
1483 1094 1574 1129 hora
1600 1094 1742 1129 decima
1770 1094 1916 1141 vespere

344 1167 382 1201 in
408 1166 519 1201 estate
547 1165 639 1200 hora
665 1170 797 1211 quarta
823 1170 859 1199 et
886 1164 922 1198 in
951 1163 1082 1211 hyeme
1111 1162 1225 1198 tercia
1252 1162 1470 1197 inchoentur
1490 1183 1496 1189 ·
1518 1174 1560 1196 ac
1588 1162 1701 1197 eciam
1730 1163 1917 1198 matutinis

344 1234 480 1269 summa
498 1233 598 1267 missa
619 1232 776 1278 vesperis
796 1237 858 1266 aut
884 1242 1102 1277 quocunque
1122 1230 1193 1265 alio
1213 1230 1340 1265 diuino
1359 1230 1514 1265 seruicio
1533 1229 1681 1277 incepto
1700 1242 1773 1264 non
1793 1229 1917 1265 licebit

343 1302 548 1348 cuicunque
566 1299 893 1349 prebendariorum
922 1304 1026 1333 extra
1051 1297 1201 1333 chorum
1221 1310 1287 1345 per
1306 1297 1494 1333 ecclesiam
1523 1304 1585 1333 aut
1605 1298 1720 1333 eciam
1747 1298 1784 1333 in
1805 1298 1917 1334 choro

343 1370 466 1419 vagari
489 1376 551 1405 aut
579 1369 678 1403 exire
705 1380 772 1415 pro
800 1367 1074 1414 quibuscunque
1101 1366 1264 1414 negociis
1291 1366 1525 1414 expediendis
1552 1365 1617 1401 nisi
1643 1367 1741 1415 prius
1760 1367 1918 1403 licencia

342 1439 471 1475 decani
491 1451 534 1473 ac
550 1436 765 1485 presidentis
784 1449 851 1483 pro
871 1442 1034 1482 tempore
1061 1435 1176 1482 petita
1203 1441 1239 1471 et
1267 1436 1417 1470 obtenta
1434 1435 1498 1470 sub
1517 1448 1611 1483 pena
1629 1435 1667 1470 in
1687 1435 1828 1471 statutis
1846 1449 1913 1483 per

341 1509 519 1543 decanum
539 1505 759 1554 apponenda
778 1526 784 1533 ·
806 1504 900 1540 Item
921 1504 1086 1539 volumus
1114 1511 1150 1539 et
1178 1504 1391 1539 ordinamus
1418 1504 1516 1551 quod
1543 1503 1677 1539 cotidie
1701 1504 1780 1551 post
1799 1510 1914 1540 matu-

341 1576 434 1612 tinas
454 1588 534 1611 cum
555 1580 643 1609 nota
662 1579 827 1609 cantatas
850 1573 947 1620 apud
974 1573 1149 1608 summum
1178 1573 1293 1608 altare
1318 1572 1412 1607 diste
1440 1571 1589 1607 ecclesie
1609 1571 1802 1619 collegiate
1822 1573 1914 1608 cele-

340 1645 466 1680 bretur
484 1656 556 1679 vna
580 1642 681 1677 missa
709 1641 781 1677 fine
811 1648 899 1677 nota
925 1642 970 1677 de
990 1641 1106 1677 Beata
1124 1640 1280 1688 Virgine
1310 1653 1380 1687 qua
1404 1640 1509 1675 finita
1535 1639 1655 1675 statim
1681 1630 1922 1676 inchoabitur*

339 1713 411 1748 alia
429 1711 529 1747 miffa
548 1711 662 1747 eciam
683 1710 756 1745 sine
775 1716 863 1745 nota
882 1710 927 1744 ad
948 1709 1063 1744 altare
1081 1708 1186 1744 Beati
1205 1708 1387 1744 Jeronimi
1406 1708 1467 1744 De
1485 1709 1607 1754 requie
1625 1721 1690 1756 pro
1710 1709 1913 1745 fundatori-

340 1783 405 1817 bus
433 1781 526 1816 viuis
553 1786 589 1815 et
617 1778 796 1814 defunAEtis
825 1791 868 1813 ac
898 1777 1088 1813 animabus
1122 1776 1280 1812 omnium
1308 1775 1469 1810 fidelium
1498 1775 1752 1811 defun&orum
1782 1777 1912 1823 quibus

340 1849 530 1896 completis
549 1853 585 1883 et
605 1847 716 1882 finitis
735 1846 814 1894 post
840 1846 977 1881 summa
1003 1844 1104 1880 missa
1131 1845 1221 1880 hora
1247 1843 1466 1879 intermedia
1493 1844 1540 1878 ad
1559 1844 1736 1879 decimam
1765 1845 1911 1881 inchoa-

338 1918 437 1953 bitur
456 1923 491 1952 et
509 1929 575 1963 per
594 1915 792 1963 quemlibet
810 1914 1095 1961 prebendarium
1120 1913 1158 1948 in
1178 1919 1286 1948 turno
1305 1913 1366 1947 suo
1385 1912 1582 1947 secundum
1603 1918 1768 1948 tenorem
1788 1913 1910 1949 tabule

338 1988 377 2022 in
396 1986 560 2021 omnibus
578 1984 733 2019 sabbatis
761 1983 847 2018 anni
877 1983 1104 2018 conficiende
1132 1982 1194 2017 sub
1212 1993 1307 2029 pena
1333 1980 1372 2015 in
1399 1979 1541 2015 statutis
1560 1992 1625 2026 per
1650 1980 1830 2016 decanum
1849 1994 1909 2028 ap—

338 2054 508 2102 ponenda
527 2074 533 2081 ·
555 2052 646 2088 Item
667 2064 748 2086 cum
776 2050 958 2086 testatoris
978 2050 1146 2085 voluntas
1173 2049 1220 2084 ad
1245 2049 1306 2096 pia
1333 2061 1445 2095 opera
1472 2047 1514 2083 sit
1533 2048 1758 2095 summopere
1777 2049 1909 2095 perim-

338 2122 473 2170 plenda
499 2126 535 2156 et
563 2127 634 2155 tam
662 2120 756 2155 bone
785 2119 958 2154 memorie
990 2117 1162 2166 magister
1188 2116 1379 2152 Johannes
1407 2115 1548 2151 Frafler
1578 2116 1717 2163 primus
1749 2117 1908 2152 decanus

343 2191 437 2225 diae
464 2188 612 2224 ecclesie
640 2186 761 2222 nostre
789 2186 981 2233 collegiate
1009 2191 1044 2221 et
1072 2185 1197 2232 depost
1224 2184 1410 2232 episeopus
1430 2184 1606 2220 Roffensis
1626 2197 1733 2220 vnam
1754 2184 1907 2232 capella—

344 2258 441 2292 niam
465 2258 571 2303 super
598 2260 808 2290 tenemento
836 2266 918 2289 cum
945 2253 1183 2300 pertinenciis
1210 2265 1275 2300 per
1302 2252 1415 2299 ipsum
1443 2252 1650 2288 construfito
1677 2258 1713 2288 et
1740 2252 1906 2288 edificato

343 2325 475 2360 iacenti
494 2324 530 2359 in
548 2323 642 2359 Vico
664 2322 936 2358 Canonicorum
955 2334 1067 2369 prope
1086 2320 1303 2367 Edinburgh
1324 2333 1366 2355 ex
1385 2326 1490 2367 parte
1509 2320 1641 2355 boriali
1658 2320 1730 2355 vici
1748 2320 1906 2356 eiusdem

339 2394 376 2428 in
393 2393 488 2427 dieta
506 2393 628 2428 nostra
646 2392 798 2428 ecclesia
824 2390 1018 2438 collegiata
1044 2389 1212 2424 fundauit
1236 2401 1345 2435 quam
1373 2389 1489 2424 eciam
1515 2388 1752 2435 capellaniam
1772 2388 1809 2422 in
1829 2389 1906 2424 eius

339 2460 465 2496 ultima
484 2460 670 2495 voluntate
696 2459 1001 2506 interponendam
1020 2465 1055 2493 et
1075 2458 1270 2493 vniendam
1290 2457 1384 2492 difflae
1402 2456 1524 2491 nostre
1544 2455 1692 2491 ecclesie
1712 2455 1904 2504 collegiate
