2147 2964
349 311 421 347 266
721 312 898 348 CARTE
926 310 1180 348 ECCLESIE
1209 311 1550 348 COLLEGIATE

348 417 420 445 tam
456 411 622 445 viuorum
659 422 766 457 quam
802 417 1030 446 mortuorum
1064 409 1197 445 dedisse
1223 438 1230 445 .
1261 438 1268 445 .
1299 438 1306 445 .
1334 411 1524 458 capellano
1560 411 1685 445 diuina
1718 411 1918 446 celebranti

348 487 383 514 et
419 478 488 513 suis
523 478 781 515 successoribus
816 478 1016 526 capellanis
1060 490 1127 525 pro
1166 484 1344 525 perpetuo
1385 479 1624 514 celebraturis
1660 479 1705 514 ad
1743 478 1918 514 summum

348 546 463 581 altare
495 546 662 582 situatum
696 546 795 582 infra
824 546 1013 582 ecclesiam
1044 546 1276 593 collegiatam
1308 546 1505 582 beatiffime
1538 546 1692 593 virginis
1724 546 1843 582 Marie
1874 547 1919 582 de

349 613 498 661 Campis
533 614 571 649 in
609 627 737 661 puram
772 620 808 650 et
843 620 1058 661 perpetuam
1098 614 1331 650 elemosinam
1371 621 1486 651 totum
1527 621 1563 650 et
1602 615 1785 663 integrum
1822 621 1920 651 tene-

348 688 511 717 mentum
546 694 666 717 meum
705 688 789 718 ante
827 688 863 717 et
899 688 998 718 retro
1036 682 1158 718 subtus
1189 690 1225 718 et
1258 684 1365 731 supra
1400 696 1483 719 cum
1518 683 1758 730 pertinenciis
1796 684 1918 719 iacens

349 750 383 784 in
415 749 580 796 predifflm
611 750 726 797 burgo
757 750 821 785 sub
852 762 957 784 muro
986 750 1092 785 castri
1126 762 1169 785 ex
1201 757 1306 798 parte
1338 751 1476 787 boreali
1507 751 1592 787 Vici
1621 751 1730 799 Regii
1762 751 1918 787 eiusdem

348 819 444 853 inter
476 824 612 853 terram
644 818 797 853 Andree
831 817 1009 865 Symsoun
1042 830 1086 853 ex
1117 824 1219 865 parte
1251 818 1470 854 occidentali
1503 824 1539 853 et
1571 824 1707 854 terram
1736 819 1918 865 quondam

348 886 477 921 Jacobi
515 886 653 922 Barcar
696 898 794 921 nunc
829 885 982 921 Roberti
1024 885 1175 921 VVatson
1221 899 1264 921 ex
1309 893 1413 933 parte
1454 887 1623 922 orientali
1661 893 1697 922 et
1737 888 1768 921 le
1805 887 1922 934 castell

349 955 445 990 bank
468 968 511 990 ex
536 954 675 990 boreali
703 960 739 989 et
766 954 948 1002 publicam
977 953 1136 990 Stratam
1165 954 1317 1001 Regiam
1345 967 1389 989 ex
1418 954 1566 990 australi
1594 955 1758 1002 partibus
1785 955 1830 989 ab
1851 967 1919 989 vna

349 1029 385 1058 et
404 1023 477 1058 alia
495 1045 501 1051 ·
524 1022 742 1058 Tenendum
764 1050 771 1057 .
794 1050 801 1057 .
824 1050 831 1057 .
851 1022 994 1069 prefato
1014 1022 1202 1070 capellano
1225 1028 1262 1057 et
1279 1022 1350 1057 suis
1369 1022 1625 1057 successoribus
1647 1051 1652 1057 .
1675 1050 1682 1057 .
1706 1050 1712 1057 .
1734 1022 1920 1058 celebran—

349 1092 446 1126 tibus
473 1096 509 1126 et
540 1091 804 1139 imperpetuum
832 1090 1068 1126 celebraturis
1104 1103 1171 1137 pro
1203 1091 1394 1126 animabus
1422 1090 1636 1137 supradictis
1663 1091 1700 1125 in
1728 1103 1857 1137 puram
1886 1098 1921 1125 et

349 1165 563 1206 perpetuam
591 1158 821 1194 elemosinam
849 1171 870 1193 a
895 1171 953 1193 me
979 1158 1176 1193 heredibus
1202 1159 1291 1193 meis
1319 1164 1355 1193 et
1374 1158 1556 1205 affignatis
1576 1170 1641 1204 per
1659 1171 1784 1193 omnes
1804 1160 1920 1193 retias

350 1232 464 1262 metas
484 1228 562 1262 suas
581 1255 588 1262 .
610 1253 617 1261 .
641 1255 648 1262 .
666 1239 746 1262 cum
776 1226 941 1261 omnibus
962 1253 969 1260 .
993 1253 1000 1260 .
1022 1253 1029 1260 .
1051 1226 1279 1261 libertatibus
1301 1253 1308 1261 .
1331 1253 1338 1260 .
1362 1253 1370 1260 .
1389 1238 1432 1261 ac
1459 1225 1561 1260 iustis
1588 1225 1825 1271 pertinenciis
1853 1226 1920 1260 suis

352 1324 358 1330 .
377 1324 383 1330 .
402 1323 409 1330 .
427 1295 523 1330 Volo
542 1295 649 1330 etiam
669 1300 706 1329 et
724 1294 886 1329 concedo
906 1294 1003 1340 quod
1022 1293 1129 1340 ipsius
1148 1293 1330 1340 capellani
1347 1293 1570 1339 presentatio
1590 1293 1636 1327 ad
1652 1292 1783 1328 di&am
1803 1293 1921 1339 capel-

349 1363 481 1398 laniam
509 1361 691 1409 preposito
718 1361 863 1396 balliuis
891 1361 1031 1396 decano
1060 1361 1159 1408 gilde
1187 1367 1223 1395 et
1251 1361 1504 1396 communitati
1531 1360 1639 1408 burgi
1665 1360 1817 1408 predicffi
1842 1360 1921 1407 post

348 1443 468 1466 meum
488 1429 665 1465 decessum
684 1429 869 1476 pertineat
888 1435 924 1464 et
943 1429 1039 1475 quod
1067 1429 1164 1464 infra
1183 1430 1261 1463 οᾶο
1280 1428 1357 1463 dies
1384 1429 1463 1475 post
1490 1428 1694 1463 huiusmodi
1721 1427 1920 1475 capellanie

351 1499 577 1534 vacationem
610 1497 844 1533 sufficientem
877 1502 913 1532 et
941 1497 1126 1545 ydoneum
1158 1496 1388 1544 capellanum
1420 1497 1467 1532 ad
1497 1497 1650 1532 eandem
1682 1496 1919 1543 presentent-

350 1566 555 1602 Tenebitur
574 1566 690 1601 dietus
718 1565 928 1612 capellanus
957 1565 1019 1611 qui
1046 1577 1113 1612 pro
1137 1570 1298 1612 tempore
1325 1564 1436 1599 fuerit
1462 1564 1500 1599 in
1527 1564 1711 1611 principio
1734 1563 1920 1599 cuiussibet

349 1635 446 1671 misse
477 1634 652 1682 populum
684 1633 879 1669 exhortare
907 1639 945 1668 vt
975 1646 1084 1668 vnum
1117 1633 1228 1668 Pater
1251 1634 1365 1680 noster
1392 1645 1473 1667 cum
1506 1632 1729 1667 salutacione
1753 1631 1922 1678 angelica

349 1704 486 1740 scilicet
501 1704 585 1739 Aue
600 1702 726 1738 Maria
745 1702 871 1737 dicant
887 1707 924 1737 et
940 1701 986 1736 ad
1005 1701 1162 1748 primum
1181 1700 1398 1736 lauatorium
1419 1701 1518 1735 dicat
1536 1700 1610 1747 ipse
1630 1699 1840 1746 capellanus
1859 1700 1921 1734 De

346 1772 543 1819 profundis
560 1783 626 1818 pro
645 1771 835 1806 animabus
861 1770 1034 1817 predi6ffis
1053 1791 1060 1798 ·
1082 1769 1170 1805 Non
1198 1774 1319 1804 tamen
1347 1768 1472 1803 licebit
1488 1768 1592 1803 dietis
1619 1766 1800 1814 preposito
1818 1767 1920 1802 balli-

345 1841 400 1875 uis
419 1841 560 1875 decano
587 1839 687 1887 gilde
714 1851 784 1874 nec
812 1838 1067 1874 communitati
1095 1837 1180 1873 dieti
1213 1836 1319 1883 burgi
1350 1836 1644 1883 prenominatum
1671 1841 1921 1870 tenementum

345 1915 443 1944 terre
463 1908 510 1943 ad
528 1909 563 1943 se
580 1920 649 1942 nec
669 1919 795 1943 eorum
815 1906 972 1953 aliquem
990 1906 1151 1941 retinere
1170 1911 1232 1940 aut
1258 1905 1295 1939 in
1315 1904 1396 1940 suos
1415 1904 1584 1951 proprios
1603 1903 1682 1938 vsus
1702 1908 1920 1938 conuertere

351 1977 410 2011 sed
429 1977 607 2011 duntaxat
625 1975 672 2010 ad
691 1974 776 2010 dieti
796 1973 976 2021 capellani
996 1973 1057 2020 qui
1075 1985 1142 2020 pro
1159 1978 1323 2019 tempore
1342 1971 1453 2007 fuerit
1471 1971 1614 2019 integre
1632 1970 1817 2006 dimittere
1837 1983 1921 2006 con·

353 2044 515 2079 seruetur
542 2043 593 2078 ita
619 2043 719 2089 quod
745 2041 862 2077 dietus
890 2041 1099 2089 capellanus
1118 2040 1238 2076 valeat
1264 2039 1446 2087 prefatum
1474 2044 1722 2074 tenementum
1750 2045 1848 2073 terre
1875 2039 1921 2074 ad

352 2113 451 2147 suum
470 2111 612 2146 libitum
637 2110 825 2146 annuatim
852 2109 1061 2145 tenentibus
1088 2107 1247 2144 affedare
1266 2113 1302 2142 et
1320 2120 1386 2154 pro
1406 2107 1519 2141 firmis
1538 2106 1695 2141 eiusdem
1716 2118 1866 2140 namare
1885 2112 1921 2141 et

354 2179 568 2226 distringere
600 2184 639 2214 ut
669 2177 819 2213 interest
855 2190 897 2212 ac
934 2176 1101 2223 quotiens
1137 2188 1227 2222 opus
1257 2175 1368 2210 fuerit
1395 2194 1402 2201 -
1430 2174 1634 2210 Tenebitur
1665 2173 1773 2208 etiam
1805 2173 1920 2208 di&us

356 2247 562 2294 capellanus
592 2246 653 2293 qui
682 2258 749 2293 pro
780 2250 944 2292 tempore
972 2244 1082 2279 fuerit
1114 2244 1158 2279 ad
1187 2243 1395 2278 continuam
1428 2242 1660 2278 residentiam
1688 2254 1730 2276 ac
1757 2241 1865 2276 etiam
1895 2241 1918 2274 si

358 2315 546 2361 contingat
564 2314 698 2349 di&um
718 2313 946 2360 capellanum
966 2311 1140 2347 focariam
1159 2312 1220 2346 seu
1244 2310 1486 2346 concubinam
1505 2310 1670 2346 detinere
1689 2309 1758 2344 hoc
1777 2308 1919 2343 notorie

359 2381 505 2428 cognito
535 2381 679 2417 vacabit
714 2381 899 2416 antedit‘sta
933 2379 1137 2428 capellania
1161 2399 1168 2406 ·
1188 2378 1391 2414 Tenebitur
1423 2378 1532 2414 etiam
1563 2377 1678 2412 ᾱίὅὶιιε
1710 2376 1920 2423 capellanus

360 2448 521 2494 quolibet
540 2449 599 2484 die
617 2449 800 2483 dominico
819 2454 856 2484 et
877 2448 1006 2484 maiori
1033 2447 1171 2495 publici
1197 2446 1287 2482 festo
1314 2447 1361 2482 ad
1388 2446 1583 2482 matutinas
1601 2445 1710 2480 altam
1730 2443 1863 2479 missam
1885 2451 1919 2479 et
