2147 2964
360 301 407 333 80
658 292 971 332 REGISTRUM
1002 291 1257 330 ECCLESIE
1286 291 1630 329 COLLEGIATE

359 396 444 432 dieti
476 395 621 443 collegii
656 393 887 442 integraliter
917 392 954 428 in
986 391 1145 439 capitulo
1180 396 1488 440 congregatorum
1521 392 1678 428 utilitate
1709 396 1745 427 et
1770 391 1933 440 proficuo

359 463 521 499 nostrum
549 469 585 499 et
612 462 698 498 dicti
726 461 872 509 collegii
900 460 1099 509 prehabitis
1126 465 1163 497 et
1190 460 1426 496 consideratis
1454 473 1497 496 ac
1524 460 1562 495 in
1591 459 1933 508 augmentacionem

359 532 510 568 rentalis
529 531 688 567 eiufiiem
707 530 880 566 videlicet
899 543 921 565 a
939 530 997 565 sex
1017 529 1140 565 solidis
1159 536 1195 567 et
1214 533 1294 566 oao
1313 530 1472 567 denariis
1491 531 1622 566 vsualis
1638 535 1784 566 monete
1805 529 1934 566 Seocie

358 613 425 647 pro
449 599 557 636 terris
584 598 792 645 subscriptis
820 597 1007 633 annuatim
1035 598 1257 646 temporibus
1284 599 1474 635 retroaecis
1500 599 1643 646 prefato
1671 598 1826 646 collegio
1852 610 1933 646 pre-

360 668 594 705 dicess'oribus
620 667 752 702 nostris
780 673 815 703 et
842 666 947 701 nobis
974 666 1166 713 persolutis
1193 668 1240 703 ad
1259 668 1385 703 decem
1414 667 1545 703 solidos
1572 672 1717 703 monete
1735 666 1933 715 prescripta

359 737 465 772 nobis
483 735 550 784 [et]
569 734 826 771 successoribus
845 733 978 769 nostris
997 733 1064 782 [et]
1081 735 1224 781 prefato
1243 735 1399 784 collegio
1418 736 1653 783 imposterum
1672 748 1738 784 pro
1756 740 1933 783 perpetuo

359 805 619 853 persoluendos
638 802 772 839 dedisse
801 801 1005 839 conceffiss'e
1033 802 1200 839 assedaffe
1228 809 1263 839 et
1289 804 1335 839 ad
1362 804 1604 840 feodifirmam
1624 803 1790 840 dimififl'e
1809 811 1845 840 et
1864 803 1933 840 hae

359 873 519 922 presenti
539 879 641 909 carta
667 872 791 907 nostra
818 870 1042 908 confirmasse
1061 872 1222 920 dareque
1251 872 1454 908 concedere
1473 871 1633 908 affedare
1653 878 1689 908 et
1708 872 1754 907 ad
1774 872 1933 908 feodifir-

360 956 456 978 mam
476 942 660 977 dimittere
680 946 716 976 et
733 940 802 976 hac
821 940 980 988 presenti
1008 946 1110 976 carta
1136 941 1260 976 nostra
1286 941 1504 976 confirmare
1526 941 1641 976 nobili
1660 941 1739 976 viro
1759 946 1794 976 et
1812 940 1932 988 predi-

361 1011 453 1047 lecto
484 1009 607 1045 nostro
627 1009 815 1044 Willelmo
834 1007 1009 1056 Dowglas
1041 1009 1086 1044 de
1110 1008 1379 1058 Drumlangrig
1410 1022 1535 1045 omnes
1564 1015 1600 1045 et
1629 1009 1787 1057 fingulas
1816 1015 1933 1045 terras

361 1079 501 1115 nostras
529 1078 714 1114 edificatas
742 1082 778 1112 et
803 1076 922 1112 vastas
949 1089 1052 1112 acras
1080 1078 1278 1124 perticatas
1305 1078 1537 1125 quascunque
1567 1077 1766 1125 vulgariter
1786 1083 1933 1113 vocatas

362 1148 400 1196 ly
422 1145 664 1184 Soltrelandis
684 1157 766 1181 cum
786 1144 875 1180 ortis
894 1150 930 1180 et
954 1144 989 1179 le
1008 1145 1174 1180 outsettis
1201 1146 1400 1182 earundem
1421 1146 1629 1193 Vbicunque
1655 1147 1817 1181 iacentes
1837 1146 1933 1181 infra

361 1215 551 1252 baroniam
572 1220 608 1250 et
627 1213 750 1249 villam
777 1213 822 1249 de
842 1212 977 1248 Hawik
1004 1212 1102 1248 infra
1130 1214 1425 1249 vicecomitatum
1452 1214 1497 1248 de
1516 1213 1721 1260 Roxburgh
1749 1226 1832 1249 cum
1859 1226 1934 1248 om-

361 1284 468 1320 nibus
487 1283 557 1318 suis
576 1281 813 1331 pertinenciis
832 1303 839 1310 ·
861 1280 1060 1316 Tenendas
1087 1287 1123 1316 et
1149 1281 1337 1317 habendas
1364 1294 1488 1317 omnes
1515 1288 1551 1318 et
1574 1281 1731 1329 singulas
1750 1282 1934 1329 prenomi-

361 1357 465 1388 natas
481 1357 596 1387 terras
609 1350 795 1385 edificatas
811 1355 846 1384 et
861 1348 979 1384 vastas
994 1360 1098 1384 acras
1112 1349 1311 1395 particatas
1327 1349 1558 1396 quascunque
1571 1349 1773 1397 vulgariter
1786 1356 1934 1385 vocatas

361 1421 408 1456 lie
426 1419 667 1456 Soltrelandis
687 1430 768 1453 cum
786 1417 878 1453 ortis
897 1423 933 1452 et
959 1416 1008 1451 lie
1028 1417 1192 1452 outsettis
1211 1418 1411 1453 earundem
1431 1418 1638 1464 vbicunque
1657 1417 1819 1453 iacentes
1837 1417 1935 1453 infra

361 1489 551 1524 baroniam
570 1493 607 1523 et
626 1486 747 1522 villam
767 1486 812 1521 de
832 1484 967 1521 Hawik
993 1485 1173 1532 predi&as
1201 1498 1282 1521 cum
1310 1486 1477 1522 omnibus
1505 1486 1575 1522 suis
1596 1486 1834 1535 pertinenciis
1852 1498 1934 1533 pre-

361 1558 436 1593 fato
456 1556 643 1592 Willelmo
662 1554 838 1602 Dowglas
863 1553 1059 1589 heredibus
1087 1553 1157 1588 suis
1176 1558 1212 1588 et
1231 1553 1414 1601 affignatis
1433 1554 1478 1590 de
1497 1554 1602 1590 nobis
1621 1560 1658 1590 et
1675 1553 1934 1590 successoribus

362 1626 495 1661 nostris
522 1623 712 1673 prepofitis
739 1628 776 1658 et
800 1621 1054 1670 prebendariis
1082 1621 1168 1657 (Ιίἃὶ
1195 1621 1343 1670 collegii
1370 1627 1406 1658 et
1425 1622 1470 1658 de
1489 1621 1692 1658 huiusmodi
1720 1622 1876 1670 collegio
1894 1623 1934 1658 in

362 1694 566 1730 feodifirma
585 1698 621 1729 et
638 1691 845 1728 hereditate
863 1690 1131 1738 imperpetuum
1158 1702 1224 1737 per
1243 1702 1368 1726 omnes
1395 1691 1513 1726 re8tas
1535 1696 1650 1726 metas
1668 1691 1747 1726 suas
1765 1690 1934 1737 antiquas

363 1769 399 1799 et
425 1763 558 1799 diuisas
583 1767 692 1810 prout
719 1760 842 1796 iacent
868 1759 907 1794 in
933 1758 1164 1807 longitudine
1192 1763 1228 1793 et
1251 1757 1446 1793 latitudine
1473 1757 1509 1793 in
1535 1758 1652 1793 boscis
1678 1758 1797 1805 planis
1821 1758 1933 1794 moris

364 1830 542 1867 marrefiis
561 1829 675 1878 pratis
693 1827 836 1876 pascuis
864 1832 901 1863 et
926 1826 1082 1874 pasturis
1101 1825 1169 1861 viis
1195 1825 1330 1862 semitis
1357 1825 1460 1873 aquis
1479 1825 1615 1873 stagnis
1636 1825 1733 1860 filuis
1752 1825 1880 1860 riuolis
1897 1831 1934 1861 et

364 1899 514 1935 lacubus
541 1898 708 1934 domibus
734 1895 887 1932 edificiis
912 1895 1024 1943 lignis
1050 1894 1231 1942 lapidibus
1257 1893 1380 1941 lapide
1405 1898 1441 1929 et
1468 1893 1568 1929 calce
1586 1893 1736 1941 petariis
1759 1893 1933 1929 turbariis

366 1968 587 2004 carbonibus
606 1964 834 2002 carbonariis
861 1963 1038 1999 columbis
1066 1961 1300 1998 columbariis
1328 1961 1508 1997 cuniculis
1527 1960 1758 1997 cuniculariis
1776 1960 1933 1996 brueriis

366 2042 401 2072 et
419 2035 577 2084 genestis
596 2047 677 2070 cum
696 2032 917 2069 molendinis
941 2030 1110 2066 multuris
1130 2036 1165 2066 et
1184 2042 1309 2065 eorum
1328 2029 1481 2077 sequelis
1500 2029 1806 2077 aucupacionibus
1824 2041 1932 2064 vena-

367 2104 531 2141 cionibus
550 2111 586 2138 et
603 2101 871 2150 piscacionibus
898 2112 981 2135 cum
1008 2097 1120 2134 curiis
1147 2104 1183 2134 et
1210 2110 1334 2134 earum
1357 2097 1513 2134 exitibus
1540 2097 1832 2133 amerciamentis
1850 2097 1932 2132 her-

367 2172 509 2220 yheldis
532 2177 568 2206 et
591 2169 803 2206 marchietis
831 2167 1025 2203 mulierum
1052 2178 1133 2201 cum
1160 2165 1344 2201 communi
1370 2164 1519 2212 pastura
1536 2170 1572 2200 et
1589 2165 1705 2200 libero
1724 2165 1877 2200 introitu
1896 2171 1932 2201 et

367 2240 466 2276 exitu
485 2252 527 2275 ac
547 2251 628 2274 cum
649 2236 815 2272 omnibus
840 2235 921 2271 aliis
938 2240 974 2270 et
992 2233 1141 2281 singulis
1166 2233 1396 2269 libertatibus
1423 2232 1741 2268 commoditatibus
1759 2232 1932 2280 proficuis

369 2313 404 2343 et
431 2306 634 2343 afiamentis
663 2317 706 2340 ac
734 2303 834 2339 iustis
862 2302 1101 2351 pertinenciis
1130 2301 1200 2337 suis
1231 2300 1504 2348 quibuscunque
1530 2306 1603 2336 tam
1633 2313 1707 2336 non
1736 2301 1933 2336 nominatis

368 2386 475 2421 quam
493 2372 688 2408 nominatis
714 2377 787 2407 tam
812 2371 876 2407 sub
902 2376 1003 2406 terra
1029 2383 1137 2417 quam
1163 2370 1269 2417 supra
1295 2374 1430 2405 terram
1453 2367 1582 2416 procul
1600 2373 1636 2403 et
1654 2380 1768 2415 prope
1787 2367 1834 2403 ad
1851 2380 1932 2415 pre·

370 2442 481 2478 difitas
512 2446 628 2477 terras
659 2452 742 2476 cum
772 2438 1011 2486 pertinenciis
1046 2438 1290 2485 spe&antibus
1322 2438 1382 2474 seu
1416 2437 1507 2473 iuste
1538 2437 1697 2485 spectare
1728 2436 1932 2473 valentibus
