2147 2964
754 281 944 319 DOMUS
970 282 1043 318 DE
1073 282 1289 319 SOLTRE.
1756 289 1801 326 37

228 395 247 416 e
275 380 394 417 seculo
422 381 604 428 fugientes
631 381 677 416 ad
705 381 980 416 eonuerfionem
1007 381 1170 430 recipere
1199 387 1234 417 ct
1261 394 1323 418 eos
1350 383 1483 429 absque
1502 383 1800 420 contradiccione

228 449 351 496 aliqua
369 448 529 485 retinere
549 468 556 475 ·
574 448 808 496 prohibemus
835 448 979 497 insuper
998 455 1036 484 vt
1059 449 1150 484 nulli
1178 450 1332 485 fratrum
1354 449 1553 486 vestroruin
1573 451 1651 499 post
1670 451 1799 488 faciam

229 518 265 553 in
298 517 450 553 ecclesia
480 516 600 552 vestra
630 516 886 563 profeffionem
918 517 971 551 fas
991 517 1032 552 sit
1052 516 1126 552 sine
1154 517 1317 565 magistri
1344 518 1394 553 sui
1422 518 1580 554 licencia
1599 520 1643 555 dc
1672 521 1799 556 eadem

229 584 381 621 ecclesia
399 584 465 619 nifi
493 584 646 620 arcioris
672 583 859 631 religionis
887 584 1039 619 obtentu
1068 584 1252 620 discedere
1272 605 1279 612 ·
1298 586 1536 622 decedentem
1556 600 1642 623 vero
1668 588 1800 635 absque

228 653 411 688 communi
430 651 620 687 literarum
640 651 840 687 vestrarum
862 651 1039 687 caucione
1058 652 1180 687 nullus
1208 653 1342 688 audeat
1369 654 1530 689 retinere
1549 675 1556 683 ·
1578 668 1658 690 eum
1679 663 1798 692 autem

225 720 398 768 generale
417 719 651 755 inte1·di6tum
672 725 770 755 terre
798 720 910 755 fuerit
936 719 1047 755 liceat
1068 719 1168 755 vobis
1196 720 1324 755 clausis
1352 720 1468 756 ianuis
1487 722 1638 758 exclusis
1658 736 1799 759 excom-

225 788 419 824 municatis
446 794 483 824 et
510 788 712 824 interdictis
738 801 812 823 non
841 787 988 834 pulsatis
1017 787 1204 835 campanis
1228 788 1408 836 subpressa
1429 802 1519 825 voce
1539 790 1665 826 diuina
1684 793 1801 828 officia

226 857 410 893 celebrare
442 857 640 892 dummodo
669 856 813 892 causam
842 869 915 891 non
949 855 1123 892 dederitis
1156 856 1351 892 intordiao
1372 884 1379 892 .
1401 857 1531 893 crisma
1563 871 1649 894 vero
1682 859 1799 896 oleum

226 925 386 961 sanctum
414 925 712 960 consecr-aciones
741 925 911 960 altarium
944 925 1004 960 seu
1037 924 1267 960 basilicarum
1297 926 1554 962 ordinaciones
1583 927 1799 964 clericorum

227 994 289 1041 qui
308 994 354 1030 ad
374 994 492 1030 sacros
512 993 658 1029 ordines
685 994 822 1029 fuerint
849 993 1091 1042 promouendi
1119 1006 1140 1028 a
1167 993 1359 1029 diocesano
1380 994 1574 1043 suscipietis
1591 996 1756 1045 episcopo
1776 997 1800 1032 si

227 1063 372 1110 quidem
394 1062 610 1098 catholicius
638 1062 749 1098 fuerit
776 1068 812 1098 et
838 1062 1000 1110 graciam
1021 1068 1057 1098 et
1077 1062 1372 1097 communionem
1391 1062 1614 1099 sacrofianae
1635 1063 1800 1100 Romane

227 1130 317 1166 ledis
343 1130 511 1166 habuerit
538 1136 574 1166 et
601 1143 644 1165 ea
672 1130 773 1165 vobis
802 1131 959 1166 voluerit
988 1130 1061 1166 fine
1088 1130 1269 1179 prauitate
1297 1131 1421 1178 aliqua
1447 1132 1620 1168 exhibere
1646 1153 1653 1160 -
1681 1134 1800 1180 prohi-

225 1200 350 1234 bemus
378 1199 525 1246 insuper
553 1206 590 1234 vt
617 1199 712 1234 infra
737 1199 828 1234 fines
854 1199 1028 1246 parochie
1057 1199 1174 1235 vestre
1204 1199 1325 1235 nullus
1352 1200 1425 1236 sine
1453 1200 1588 1236 assensu
1607 1201 1800 1238 dioceffani

225 1267 383 1315 episcopi
403 1273 440 1302 et
459 1267 578 1302 vestro
606 1267 782 1313 capellam
811 1267 872 1302 seu
900 1268 1099 1303 oratorium
1120 1268 1164 1303 de
1183 1280 1282 1304 nouo
1311 1269 1521 1304 construere
1541 1270 1674 1306 audeat
1693 1271 1800 1306 saluis

224 1334 426 1382 priuilegiis
453 1334 667 1381 pontificum
696 1334 947 1370 Romanorum
968 1355 976 1363 ·
1000 1336 1047 1371 ad
1074 1336 1142 1372 hec
1170 1349 1284 1372 nouas
1312 1343 1348 1372 et
1376 1337 1556 1372 indebitas
1584 1339 1800 1374 exacciones

225 1403 270 1439 ab
289 1402 570 1451 archiepiscopis
589 1403 767 1450 episcopis
786 1403 1055 1439 archidiaconis
1082 1404 1141 1439 seu
1161 1405 1310 1440 decanis
1330 1405 1478 1452 aliisque
1498 1407 1665 1442 omnibus
1685 1409 1799 1443 eccle-

226 1471 375 1507 {iasticis
394 1471 658 1507 secularibusve
677 1471 839 1518 personis
867 1484 888 1506 a
907 1472 1008 1507 vobis
1036 1472 1183 1508 omnino
1202 1473 1281 1508 fieri
1299 1473 1533 1520 prohibemus
1552 1494 1559 1501 -
1578 1475 1797 1522 sepulturam

225 1552 369 1587 quoque
389 1539 497 1587 ipsius
516 1539 588 1574 loci
616 1539 767 1575 liberam
796 1538 863 1575 effe
891 1540 1122 1576 decernimus
1152 1547 1188 1576 vt
1215 1553 1339 1576 eorum
1368 1541 1562 1577 deuocioni
1583 1549 1618 1578 ct
1637 1550 1798 1579 extreme

226 1608 404 1644 voluntati
434 1608 494 1655 qui
524 1608 558 1643 se
587 1607 661 1643 illic
694 1607 834 1655 sepeliri
866 1608 1165 1644 deliberauerunt
1198 1609 1263 1644 nifi
1291 1609 1385 1644 forte
1413 1611 1717 1647 excommunicati
1742 1613 1799 1647 vel

212 1675 410 1711 'interdiffi
432 1675 500 1711 sint
519 1680 582 1710 aut
609 1675 724 1711 eciam
750 1675 887 1722 publici
915 1677 1069 1712 usurarii
1097 1678 1218 1713 nullus
1239 1677 1382 1714 obsistat
1401 1678 1500 1714 salua
1516 1685 1637 1715 tamen
1655 1681 1799 1717 iusticia

224 1744 369 1780 illarum
391 1743 625 1780 ecelesiarum
645 1755 666 1778 a
685 1743 816 1790 quibus
838 1751 1065 1781 mortuorum
1094 1738 1494 1794 corporaassumuntur
1512 1768 1519 1775 ·
1539 1748 1699 1785 decimas
1718 1763 1798 1798 pre-

225 1818 326 1849 terea
351 1818 387 1848 et
417 1811 645 1860 poffeffiones
675 1813 720 1847 ad
748 1812 804 1847 ius
834 1811 1065 1850 ecclesiarum
1095 1815 1294 1851 vestrarum
1324 1816 1523 1863 speaantes
1551 1830 1621 1864 que
1649 1831 1670 1853 a
1696 1818 1798 1854 laicis

225 1881 455 1917 decimentur
471 1881 676 1916 redimendi
686 1887 729 1917 et
747 1880 909 1927 legitime
928 1881 1109 1918 liberandi
1129 1883 1174 1918 de
1192 1883 1358 1919 manibus
1377 1896 1501 1919 eorum
1517 1890 1553 1920 et
1567 1886 1613 1920 ad
1628 1886 1797 1922 ecclesias

225 1950 272 1986 ad
291 1963 380 1997 quas
407 1949 595 1997 pertinent
622 1949 821 1984 reuocandi
850 1949 966 1984 libera
985 1949 1026 1986 fit
1045 1951 1145 1986 vobis
1164 1952 1209 1987 de
1236 1952 1360 1986 nostra
1381 1952 1597 1989 auctoritate
1616 1953 1770 1990 facultas
1790 1976 1796 1982 ·

226 2018 384 2053 obeunte
399 2030 486 2053 vero
506 2023 540 2053 te
560 2030 659 2053 nunc
679 2017 834 2052 eiusdem
855 2017 927 2053 loci
946 2018 1118 2066 magistro
1139 2019 1196 2054 vel
1215 2024 1360 2054 tuorum
1379 2019 1541 2066 quolibet
1559 2021 1796 2058 suceessorum

226 2085 348 2121 nullus
367 2086 415 2121 ibi
436 2086 597 2133 qualibet
627 2085 860 2132 surrepcione
888 2085 1025 2121 astucia
1050 2086 1109 2122 seu
1139 2087 1318 2122 violencia
1343 2094 1566 2135 preponatur
1593 2089 1659 2124 nifi
1689 2103 1795 2138 quem

225 2154 358 2190 fratres
377 2154 562 2189 communi
590 2153 762 2189 consensu
783 2153 841 2188 vel
859 2153 1012 2188 fratrum
1038 2154 1153 2190 maior
1171 2167 1255 2202 pars
1275 2155 1413 2191 consilii
1432 2155 1582 2205 sanioris
1602 2158 1796 2195 secundum

226 2221 350 2258 Deum
369 2228 405 2258 et
425 2222 531 2259 Beati
552 2221 750 2269 Augustini
778 2221 942 2268 regulam
970 2223 1200 2269 prouiderint
1227 2223 1436 2271 eligendum
1457 2244 1464 2251 ·
1482 2225 1564 2272 paci
1592 2239 1737 2274 quoque
1762 2237 1798 2264 et

227 2290 486 2338 tranquillitati
521 2290 639 2326 vestre
676 2295 830 2338 paterna
866 2289 1097 2337 imposterum
1139 2292 1369 2327 solicitudine
1404 2292 1598 2339 prouidere
1634 2295 1797 2332 volentes

227 2358 444 2394 auaoritate
464 2358 662 2406 apostolica
679 2358 913 2405 prohibemus
931 2364 968 2394 vt
986 2358 1082 2394 infra
1101 2359 1282 2395 clausuras
1301 2360 1463 2395 locorum
1484 2361 1544 2397 seu
1559 2364 1796 2411 grangiarum

228 2426 431 2462 vestrarum
460 2426 582 2462 nullus
612 2426 779 2473 rapinam
809 2426 869 2461 seu
898 2425 1032 2462 furtum
1063 2427 1184 2463 facere
1216 2427 1336 2476 ignem
1369 2442 1553 2477 apponere
1584 2431 1795 2480 sanguinem
