2147 2964
226 1265 284 1301 57.

345 279 390 310 52
813 273 1128 311 REGISTRUM
1156 273 1457 310 CARTARUM

345 380 554 410 tenemento
583 387 661 409 cum
690 374 928 421 pertinenciis
957 373 1055 421 exigi
1084 379 1259 421 poterunt
1283 373 1494 420 aliqualiter
1513 380 1574 409 aut
1599 374 1739 420 requiri
1759 395 1766 402 ·
1788 373 1836 409 Et
1854 387 1920 410 nos

346 455 432 477 vero
452 443 568 478 dictus
590 441 796 490 Stephanus
824 448 860 478 et
885 441 1102 477 successores
1131 441 1244 477 nostri
1270 442 1433 490 magistri
1462 442 1648 490 hospitalis
1667 442 1802 478 diaum
1821 449 1921 478 tene-

344 517 507 546 mentum
535 524 617 546 cum
647 510 886 558 pertinenciis
912 509 1082 558 predictis
1107 508 1271 546 Patricio
1299 516 1335 546 et
1356 510 1500 546 Helene
1527 523 1569 546 ac
1598 512 1798 546 eorundem
1817 511 1919 547 here-

343 580 448 615 dibus
468 586 597 615 contra
616 592 741 615 omnes
760 579 932 614 mortales
952 578 1268 614 warantizabimus
1288 579 1575 626 acquietabimus
1595 585 1630 614 et
1648 580 1918 628 imperpetuum

343 648 581 684 defendemus
610 648 678 682 ·In
709 648 812 683 cuius
841 647 895 682 rei
928 646 1172 682 testimonium
1203 647 1356 695 sigillum
1393 660 1586 683 commune
1620 648 1771 695 capituli
1806 648 1919 684 nostri

342 717 428 753 huic
453 717 612 764 presenti
643 724 743 752 carte
767 716 889 752 nostre
917 716 1053 763 apponi
1080 716 1232 751 fecimus
1264 717 1362 764 apud
1394 715 1514 752 Soltre
1547 722 1677 763 quarto
1703 717 1763 752 die
1788 718 1918 753 mensis

343 785 478 821 Marcii
497 798 593 820 anno
613 785 766 820 Domini
786 785 974 820 millesimo
994 784 1352 832 quadringentesimo
1373 785 1542 821 vieefimo
1562 784 1661 821 sexto
1680 785 1749 820 hiis
1769 786 1918 821 testibus

343 854 505 889 Roberto
533 855 578 889 de
606 853 776 889 Lawadir
1028 853 1072 888 de
1101 853 1282 901 Lawadyr
1309 853 1432 889 Alano
1462 854 1507 889 de
1535 854 1717 902 Lawadyr
1745 854 1918 890 fratribus

343 922 516 958 Donaldo
537 922 683 958 Kenedi
702 923 816 958 fratre
837 934 917 957 meo
934 921 1120 957 Willelmo
1140 921 1185 956 de
1203 920 1349 970 Candyl
1368 921 1554 970 lVylelmo
1573 922 1753 971 Flemyng
1775 922 1920 958 Thoma

343 992 508 1028 Mosman
530 991 746 1027 Alexandro
767 990 865 1026 Bulli
885 1003 967 1026 cum
988 989 1111 1025 multis
1128 989 1221 1025 aliis.

344 1140 613 1177 Tenementum
633 1140 678 1175 de
698 1139 949 1175 Muffilburch.

343 1249 396 1301 In
427 1265 501 1300 Dei
530 1265 676 1300 nomine
709 1277 814 1300 amen
840 1263 939 1298 -Per
968 1263 1038 1298 hoc
1066 1264 1214 1310 presens
1245 1263 1431 1309 publicum
1463 1263 1744 1299 instrumentum
1778 1266 1918 1301 cunctis

341 1340 465 1381 pateat
485 1334 677 1369 euidenter
696 1333 794 1380 quod
821 1345 917 1367 anno
937 1332 982 1367 ab
1001 1331 1261 1366 incarnacione
1282 1331 1442 1366 eiusdem
1462 1331 1651 1367 millesimo
1672 1337 1793 1369 ccccmo
1811 1334 1919 1369 trice-

342 1402 426 1437 fimo
454 1402 605 1449 septimo
633 1401 761 1436 mensis
793 1399 912 1448 [vero]
935 1399 1106 1434 «Ianuarii
1129 1399 1220 1447 [die]
1246 1401 1377 1435 ofitaua
1403 1399 1604 1435 indistione
1631 1401 1748 1448 prima
1775 1402 1919 1449 pontifi-

341 1478 443 1506 catus
471 1469 673 1505 sanffiffimi
701 1469 736 1504 in
768 1468 914 1505 Christo
944 1468 1057 1516 patris
1086 1481 1129 1503 30
1156 1467 1294 1503 domini
1322 1468 1459 1503 domini
1488 1468 1648 1516 Eugenii
1675 1482 1769 1517 pape
1797 1472 1919 1518 quarti

341 1552 437 1574 311110
466 1539 528 1574 1111ο
555 1539 592 1573 111
620 1539 692 1573 mei
720 1538 856 1573 notarii
885 1537 1023 1584 publici
1055 1536 1272 1582 testiumque
1305 1536 1589 1583 subscriptorum
1619 1538 1808 1584 presencia
1838 1552 1919 1586 per·

341 1607 513 1643 sonaliter
541 1607 759 1643 constitutus
788 1605 1008 1641 venerabilis
1035 1605 1091 1640 vir
1118 1605 1292 1653 magister
1313 1605 1474 1641 Thomas
1494 1606 1540 1641 de
1559 1606 1728 1643 Lauedre
1747 1609 1919 1656 magister

341 1676 525 1724 hospitalis
553 1676 597 1711 de
626 1674 746 1711 Soltre
775 1675 958 1721 quandam
986 1674 1130 1709 literam
1158 1673 1374 1721 pargameni
1401 1674 1561 1709 eiusdem
1589 1674 1775 1723 hospitalis
1803 1676 1917 1724 sigillo

341 1745 532 1791 figillatam
554 1750 593 1779 ut
621 1743 732 1779 11110111
761 1742 931 1790 apparuit
959 1742 1112 1778 tradidit
1139 1740 1401 1788 perlegendam
1430 1741 1532 1777 cuius
1559 1749 1665 1778 tenor
1693 1744 1855 1790 sequitur
1878 1745 1916 1780 in

341 1813 408 1848 1100
439 1813 552 1848 verba
570 1832 576 1839 ·
596 1812 726 1848 Pateat
756 1810 931 1846 vniuerfis
962 1823 1029 1857 per
1055 1809 1240 1857 presentes
1270 1821 1335 1844 nos
1364 1809 1545 1845 Thomam
1578 1810 1623 1845 de
1650 1810 1814 1847 Altoune
1842 1811 1916 1847 Dei

341 1881 530 1929 paciencia
549 1881 676 1916 domus
696 1880 740 1915 de
763 1879 882 1915 Soltre
909 1878 1121 1926 magistrum
1146 1884 1181 1913 et
1201 1877 1360 1913 eiusdem
1378 1877 1451 1914 1001
1471 1878 1674 1914 confratres
1693 1879 1860 1915 affedaffe
1880 1887 1916 1917 et

342 1951 387 1985 ad
406 1950 546 1985 firmam
568 1947 734 1984 dimisisse
761 1954 879 1983 totum
907 1953 1156 1982 tenementum
1183 1945 1344 1981 nostrum
1372 1946 1417 1981 de
1437 1945 1666 1994 Musllburgh
1695 1960 1776 1982 cum
1803 1948 1915 1994 perti-

343 2019 482 2054 nenciis
512 2017 677 2053 Henrico
706 2016 844 2051 Bollow
869 2015 1039 2064 burgensi
1069 2015 1228 2051 eiusdem
1255 2016 1379 2051 iacens
1406 2016 1444 2051 in
1472 2015 1567 2050 (11ἃο
1595 2016 1712 2063 burgo
1739 2029 1782 2052 ex
1810 2024 1914 2064 parte

342 2087 480 2123 boreali
499 2086 657 2122 eiusdem
686 2086 783 2120 inter
802 2091 938 2121 terram
963 2084 1133 2133 Symonis
1160 2084 1225 2119 filii
1245 2084 1329 2120 Ade
1358 2097 1403 2120 ex
1430 2091 1535 2132 parte
1555 2084 1727 2120 orientali
1748 2098 1791 2120 ex
1811 2094 1914 2133 parte

343 2168 414 2190 vna
446 2162 481 2190 et
508 2161 644 2190 terram
673 2154 850 2190 Richardi
882 2153 1002 2189 Saltar
1034 2166 1078 2188 ex
1109 2160 1213 2200 parte
1246 2153 1466 2188 occidentali
1497 2165 1541 2188 ex
1572 2159 1677 2199 parte
1704 2153 1820 2190 altera
1846 2167 1914 2202 pro

343 2224 507 2259 tricentis
537 2223 695 2270 piscibus
725 2222 837 2257 aridis
868 2221 971 2257 nobis
1003 2221 1259 2257 successoribus
1291 2221 1422 2256 nostris
1453 2221 1513 2256 seu
1545 2220 1729 2268 affignatis
1758 2222 1804 2257 ad
1833 2235 1913 2269 pre-

343 2292 475 2327 (11813111
503 2291 626 2326 villam
654 2291 698 2326 de
727 2289 956 2338 Mufilburgh
985 2289 1176 2325 annuatim
1203 2289 1250 2325 ad
1276 2289 1406 2324 festum
1435 2287 1558 2324 Sanffi
1583 2288 1733 2324 Andree
1760 2291 1913 2336 apostoli

344 2359 524 2394 soluendis
542 2379 550 2386 ·
570 2359 790 2394 Tenendum
818 2365 853 2394 et
881 2358 1090 2393 habendum
1109 2358 1205 2393 dicto
1225 2356 1391 2392 Henrico
1418 2356 1614 2391 heredibus
1639 2356 1709 2391 suis
1728 2356 1786 2392 vel
1813 2357 1915 2406 affig-

347 2427 442 2462 natis
461 2427 505 2461 de
532 2427 636 2462 nobis
664 2434 699 2462 et
728 2425 984 2462 successoribus
1011 2425 1143 2460 nostris
1163 2438 1243 2460 cum
1264 2425 1431 2460 omnibus
1453 2431 1489 2460 et
1507 2423 1655 2471 fingulis
1674 2425 1913 2471 pertinenciis
