2147 2964
336 290 381 327 74
632 283 950 322 REGISTRUM
975 282 1231 321 ECCLESIE
1261 281 1605 320 COLLEGIATE

484 385 567 421 tatis
585 397 700 433 prope
719 384 869 432 opidum
887 382 1094 430 Edinburgi
1119 382 1324 418 subdecano
1343 382 1531 418 Willelmo
1553 383 1706 432 Temple
1729 383 1908 419 canonico

485 454 643 489 eiusdem
663 452 852 489 Willelmo
880 451 1066 487 Meldrum
1094 451 1139 486 de
1169 450 1347 487 Strabrok
1378 451 1515 487 vicario
1545 451 1806 488 San&iandree
1834 451 1909 486 dio-

486 521 572 557 cefis
604 527 640 557 et
671 520 860 557 Willelmo
896 519 1120 556 Steuensone
1154 519 1308 554 notariis
1338 519 1495 566 publicis
1532 533 1614 556 cum
1646 519 1798 556 diuersis
1829 518 1910 554 aliis

485 589 635 626 testibus
655 590 701 625 ad
719 587 888 636 premissa
906 587 1045 624 vocatis
1065 593 1174 634 atque
1193 587 1344 635 rogatis.

535 658 594 694 Ita
622 657 673 693 est
698 657 724 693 J
727 657 889 692 ohannes
921 655 1000 691 Ker
1027 654 1215 703 presbyter
1243 660 1281 690 vt
1308 655 1411 703 supra
1440 668 1482 690 ac
1507 655 1672 691 notarius
1700 655 1739 690 in
1766 653 1906 703 [fidem]

586 725 835 773 premissorum
855 722 1048 770 requisitus
1066 735 1178 758 manu
1196 723 1258 758 sua
1276 723 1492 770 subscripsit.

339 877 450 912 Carta
477 873 626 911 ecclesie
651 872 843 920 collegiate
865 871 997 908 San&e
1015 870 1211 906 Trinitatis
1238 883 1352 918 prope
1372 870 1591 919 Edinburgh
1610 872 1718 918 super
1736 870 1845 906 terris
1865 870 1909 906 de

337 945 371 980 le
391 944 510 980 Powis
529 944 574 978 de
593 942 687 978 Erth
706 947 742 977 et
761 941 806 976 de
828 939 1107 988 Cummystoun.

338 1052 523 1106 JACOBUS
543 1066 617 1103 Dei
636 1065 763 1113 gracia
784 1077 849 1100 rex
872 1063 1063 1100 Scotorum
1092 1063 1258 1098 omnibus
1283 1062 1408 1110 probis
1434 1062 1641 1098 hominibus
1669 1063 1785 1099 tocius
1813 1070 1910 1099 terre

339 1138 400 1172 sue
424 1135 566 1172 clericis
594 1140 629 1170 et
655 1133 758 1169 laicis
786 1132 933 1168 salutem
955 1151 963 1159 ·
984 1130 1115 1167 Sciatis
1142 1131 1228 1178 quia
1255 1131 1359 1166 nobis
1387 1131 1484 1167 clare
1509 1132 1649 1167 constat
1668 1133 1765 1179 quod
1786 1133 1909 1168 deuoti

339 1210 503 1240 oratores
530 1202 642 1238 nostri
674 1200 908 1250 prebendarii
939 1205 974 1235 et
1006 1199 1188 1246 capellani
1219 1199 1340 1234 nostre
1370 1198 1520 1235 ecclesie
1552 1200 1745 1248 collegiate
1779 1200 1911 1237 Sanfite

340 1272 536 1310 Trinitatis
563 1283 677 1318 prope
696 1268 913 1316 Edinburgh
941 1281 986 1303 ex
1013 1266 1212 1314 conquestu
1240 1266 1423 1313 quondam
1450 1267 1665 1303 nobiliffime
1689 1267 1811 1303 nostre
1829 1281 1909 1316 pro-

338 1340 528 1388 genitricis
557 1345 593 1375 et
620 1338 702 1374 auie
722 1337 841 1373 Marie
868 1337 996 1385 regine
1026 1335 1155 1372 Scocie
1184 1334 1340 1381 ipsorum
1369 1334 1584 1370 fundatricis
1610 1341 1792 1371 terrarum
1814 1336 1912 1372 dele

339 1408 459 1445 Powis
486 1408 530 1443 de
550 1407 643 1442 Erth
672 1418 754 1442 cum
781 1405 991 1441 molendino
1018 1415 1217 1452 granorum
1245 1402 1446 1437 earundem
1474 1408 1510 1438 et
1535 1408 1717 1439 terrarum
1736 1404 1781 1440 de
1802 1403 1912 1440 Cum-

339 1475 508 1525 mystoun
544 1475 634 1510 alias
669 1478 966 1521 nuncupatarum
1007 1469 1313 1518 Manwell-riggis
1355 1483 1437 1505 cum
1478 1471 1698 1507 molendinis
1732 1472 1911 1507 fullonum

341 1544 540 1581 earundem
559 1555 642 1578 cum
661 1541 732 1577 suis
756 1540 997 1589 pertinenciis
1024 1539 1228 1575 iacencium
1256 1538 1351 1574 infra
1370 1539 1665 1575 vicecomitatum
1684 1541 1846 1576 nostrum
1867 1542 1912 1576 de

344 1612 544 1659 Striueling
574 1611 613 1646 in
643 1609 852 1658 poss'effione
884 1608 1042 1644 existunt
1074 1620 1141 1655 pro
1173 1607 1438 1644 sustentacione
1465 1614 1501 1644 et
1528 1609 1780 1645 celebracione
1807 1610 1913 1645 vnius

341 1679 438 1715 misse
459 1678 592 1715 cotidie
613 1690 695 1713 cum
722 1677 866 1712 cantico
893 1681 1104 1723 nuncupate
1131 1675 1228 1711 miffe
1247 1675 1361 1712 Beate
1379 1676 1501 1728 Marie
1527 1677 1624 1713 infra
1642 1678 1776 1713 diffisum
1804 1678 1911 1713 colle-

342 1748 440 1796 gium
457 1768 464 1775 ·
481 1752 518 1782 et
537 1746 636 1793 quod
655 1751 756 1780 carte
776 1743 967 1780 euideneie
987 1743 1279 1779 confirmacionis
1299 1750 1335 1780 et
1351 1744 1646 1780 mortificacionis
1665 1758 1735 1792 que
1753 1746 1911 1793 ipsorum

342 1814 652 1865 predecessoribus
687 1813 733 1848 de
768 1812 920 1860 prefatis
955 1811 1062 1847 terris
1099 1818 1135 1848 et
1170 1812 1390 1847 molendinis
1426 1825 1508 1848 cum
1544 1813 1783 1860 pertinenciis
1818 1814 1912 1849 fafite

342 1886 491 1920 fuerunt
522 1883 569 1919 ad
599 1881 748 1930 presens
780 1880 921 1928 acquiri
951 1879 1132 1927 nequiunt
1156 1880 1218 1916 seu
1248 1880 1407 1916 inueniri
1437 1894 1502 1929 per
1530 1881 1669 1928 aliquas
1696 1881 1911 1929 diligencias

344 1958 406 1988 aut
424 1952 566 1987 labores
586 1963 676 1997 quos
702 1948 767 1997 ipfi
794 1948 1007 1996 impendere
1027 1948 1151 1984 valent
1169 1969 1176 1976 ·
1195 1949 1363 1985 nolumus
1390 1955 1513 1985 tamen
1539 1949 1638 1997 quod
1663 1961 1730 1996 pro
1754 1949 1911 1997 ipsarum

345 2019 617 2056 euidenciarum
647 2017 818 2053 carencia
844 2016 1050 2052 huiusmodi
1079 2016 1179 2052 miffa
1205 2024 1242 2052 et
1268 2017 1478 2053 diuinorum
1505 2017 1708 2053 celebracio
1733 2016 1911 2053 hactenus

345 2089 391 2124 ad
408 2088 558 2135 longum
577 2092 719 2134 tempus
737 2084 896 2121 sustenta
920 2085 1212 2133 pretermittatur
1234 2091 1298 2121 aut
1325 2085 1432 2122 cesset
1457 2098 1526 2122 nec
1544 2085 1652 2133 ipsius
1670 2085 1791 2121 nostre
1810 2086 1912 2121 nobi—

345 2156 471 2191 liflime
496 2154 754 2203 progenitricis
781 2153 980 2189 recolenda
1005 2153 1182 2189 memoria
1209 2153 1385 2189 obliuioni
1412 2153 1579 2189 tradatur
1600 2165 1668 2188 nec
1687 2153 1764 2189 eius
1783 2152 1912 2189 soliciti

345 2224 488 2259 labores
506 2236 572 2271 pro
591 2222 796 2258 huiusmodi
818 2222 1027 2257 diuinorum
1054 2221 1319 2257 sustentacione
1345 2220 1517 2257 ineassum
1543 2221 1632 2256 fiant
1658 2221 1718 2256 seu
1745 2220 1912 2256 omittan-

347 2299 406 2328 tur
425 2304 549 2327 verum
567 2291 605 2327 in
624 2291 765 2327 recenti
790 2290 969 2326 memoria
994 2296 1168 2326 maneant
1191 2290 1457 2337 imperpetuum
1478 2309 1485 2317 ·
1506 2287 1585 2323 Nos
1601 2288 1715 2336 igitur
1732 2288 1770 2323 in
1791 2300 1912 2324 corro-

347 2359 542 2395 boracione
575 2365 612 2395 et
641 2372 707 2407 pro
741 2359 958 2407 implecione
992 2358 1126 2394 nobilis
1161 2357 1358 2394 voluntatis
1394 2362 1430 2392 et
1464 2356 1657 2392 laudabilis
1690 2356 1910 2392 intencionis

348 2426 488 2473 prefate
506 2427 627 2462 nostre
647 2425 823 2462 cariffime
849 2426 1108 2474 progenitricis
1127 2426 1173 2462 fic
1193 2432 1231 2462 vt
1256 2424 1340 2461 diffi
1369 2424 1603 2472 prebendarii
1624 2429 1659 2459 et
1677 2424 1855 2472 capellani
1875 2432 1909 2460 et
