2147 2964
211 1119 257 1155 ¹39

193 1670 261 1700 100

328 276 394 306 1:38
626 268 941 306 REGISTRUM
969 266 1226 304 ECCLESIE
1252 266 1595 304 COLLEGIATE

322 422 579 475 Plixaei-JI’TUM
608 436 719 472 safine
746 449 811 483 per
839 436 995 471 eundem
1024 434 1246 482 prepositum
1274 447 1341 482 pro
1361 433 1555 469 Elizabeth
1576 432 1704 480 Naper
1724 438 1896 479 tanquam

320 507 395 541 tilia
422 513 458 542 et
485 505 621 541 herede
648 505 832 552 quondam
861 503 993 539 Jacobi
1022 503 1151 550 Naper
1175 508 1211 538 et
1230 502 1443 550 Margarete
1464 501 1657 550 Mynnvne
1677 501 1754 536 eius
1773 501 1898 548 sponse

322 575 384 622 qui
404 575 574 610 obierunt
590 574 716 609 vltimo
736 573 829 608 s'asiti
849 573 895 608 ad
914 573 1022 608 fidem
1042 571 1168 607 matris
1187 571 1285 619 regis
1300 572 1345 606 de
1361 571 1468 606 domo
1486 570 1628 606 iacente
1648 582 1761 617 prope
1778 568 1899 605 Colle-

321 644 420 691 gium
440 643 486 678 ad
505 643 615 678 finem
633 642 819 678 borealem
839 641 910 676 orti
933 641 1019 675 olim
1039 640 1175 675 domini
1194 639 1326 675 Jacobi
1347 639 1472 675 Waldi
1499 638 1734 686 prebendarii
1754 638 1799 673 de
1821 637 1898 673 Gil-

323 713 424 748 stoun
444 712 541 747 inter
560 724 667 747 vnam
687 712 832 746 domum
851 710 1097 758 pertinentem
1118 709 1214 744 dicto
1234 708 1382 744 domino
1401 707 1543 743 Jacobo
1562 720 1606 742 ex
1624 712 1729 754 parte
1748 706 1896 742 australi

323 788 358 817 et
377 787 513 816 terram
532 780 689 815 Joannis
708 780 878 815 Rudman
907 792 952 815 ex
979 783 1084 826 parte
1112 776 1251 812 boreali
1275 782 1311 812 et
1330 788 1560 811 communem
1582 775 1677 810 viam
1697 775 1834 823 regiam
1854 788 1897 810 ex

300 855 426 897 'parte
455 848 625 884 orientali
654 855 688 884 et
709 848 843 883 dietum
872 854 991 882 ortum
1020 846 1105 881 dieti
1133 844 1272 880 domini
1290 844 1423 880 Jacobi
1451 858 1495 880 ex
1523 844 1768 880 occidentali·
1788 844 1898 891 Apud

324 918 528 965 Collegium
558 920 579 951 4
612 916 737 952 Martii
769 916 864 955 1576
900 928 1022 951 coram
1054 913 1201 949 Joanne
1236 912 1369 949 Schort
1397 913 1584 949 Richardo
1613 913 1834 960 IIenrystmn
1863 918 1898 947 et

321 988 467 1023 Joanne
489 986 712 1033 Hem-ysoun
732 986 876 1021 notario
895 984 1043 1032 publico
1063 995 1144 1021 cum
1165 981 1256 1017 aliis.

321 1108 580 1161 PRECEPTUM
600 1122 712 1158 satine
732 1135 795 1169 per
814 1122 971 1157 eundem
991 1124 1212 1171 prepositum
1230 1136 1296 1171 pro
1314 1123 1500 1159 Gulielmo
1519 1124 1703 1166 Quhittok
1724 1131 1896 1170 tanquam

322 1193 396 1228 filio
425 1199 459 1227 et
488 1191 623 1226 herede
652 1190 836 1237 quondam
864 1189 1017 1225 Patricii
1048 1191 1230 1234 Quhittok
1261 1198 1296 1227 et
1326 1191 1540 1239 Margarete
1571 1192 1794 1240 Henrysoun
1822 1192 1899 1227 eius

322 1260 448 1307 sponse
475 1259 536 1306 qui
564 1258 735 1293 obierunt
763 1257 879 1293 vestiti
907 1258 954 1292 ad
981 1258 1088 1293 fidem
1118 1260 1216 1307 regis
1236 1261 1281 1294 de
1310 1259 1381 1294 illis
1404 1259 1521 1295 tribus
1541 1260 1708 1295 domibus
1727 1261 1899 1308 contigue

323 1328 575 1364 adiacentibus
608 1327 703 1361 infra
737 1326 962 1361 territorium
999 1327 1148 1362 ecclesie
1186 1328 1380 1375 collegiate
1415 1328 1513 1363 inter
1545 1335 1681 1364 terram
1713 1329 1898 1375 quondam

321 1396 454 1432 Jacobi
475 1395 602 1442 Naper
620 1407 663 1429 ex
686 1393 835 1428 australi
865 1400 1001 1429 terram
1029 1396 1214 1441 quondam
1234 1395 1426 1431 Michaelis
1447 1396 1606 1432 Tulloch
1627 1395 1713 1446 [etc.
1735 1404 1775 1432 ut
1793 1398 1901 1445 supra

324 1465 396 1500 NO-
416 1463 478 1511 74]
502 1484 509 1491 ·
529 1462 642 1509 Apud
664 1461 871 1509 Collegium
894 1465 938 1502 19
958 1462 1094 1498 Marcii
1116 1464 1211 1504 1576
1239 1478 1364 1500 coram
1383 1465 1545 1500 Patricio
1566 1465 1693 1514 Logye
1713 1466 1900 1502 Richardo

325 1533 548 1580 Henrysoun
569 1538 604 1566 et
623 1530 796 1578 magistro
818 1530 990 1579 Georgeo
1010 1531 1215 1568 Makesoun
1234 1533 1378 1568 notario
1399 1546 1482 1568 cum
1502 1533 1594 1568 aliis.

324 1653 583 1707 PRECEPTUM
611 1667 723 1702 saline
751 1680 815 1713 per
834 1666 1089 1702 Alexandrum
1118 1668 1342 1716 Henrysoun
1371 1670 1583 1717 magistrum
1611 1670 1797 1717 hospitalis
1817 1683 1897 1705 cum

327 1736 499 1772 consensu
513 1734 673 1783 magistri
689 1734 843 1771 Roberti
859 1734 954 1770 Pont
973 1735 1145 1783 prepositi
1165 1749 1309 1771 necnon
1325 1737 1651 1784 prebendariorum
1671 1750 1737 1785 pro
1752 1738 1898 1774 Joanne

328 1804 583 1840 Hammiltoun
602 1803 678 1838 filio
698 1810 734 1838 et
752 1803 888 1838 herede
909 1809 1110 1850 apparente
1128 1803 1286 1839 Joannis
1308 1804 1562 1840 Hammiltoun
1582 1806 1627 1840 de
1648 1805 1799 1853 Grange
1819 1812 1898 1841 tan-

327 1887 434 1921 quam
464 1873 571 1909 heres
601 1873 785 1920 quondam
817 1872 993 1908 Gulielmi
1024 1872 1280 1908 Hammiltoun
1307 1873 1352 1908 de
1382 1873 1534 1921 Grange
1562 1874 1621 1909 aui
1648 1874 1701 1909 sui
1726 1875 1788 1921 qui
1808 1874 1898 1910 obiit

330 1942 476 1978 vestitus
496 1942 543 1977 ad
560 1941 669 1976 fidem
689 1941 816 1976 matris
835 1940 932 1988 regis
951 1941 996 1976 de
1019 1941 1127 1976 terris
1148 1940 1349 1987 vulgariter
1367 1941 1472 1976 dietis
1494 1940 1761 1990 Soltraylandis
1780 1942 1898 1978 iacen-

328 2011 423 2046 tibus
440 2011 479 2045 in
498 2009 686 2045 territorio
705 2008 858 2044 baronie
877 2009 921 2043 de
941 2008 1227 2056 Philpewistoun
1248 2016 1377 2045 vocato
1397 2010 1445 2045 lie
1466 2010 1728 2058 Colrollgrang
1747 2017 1782 2046 et
1801 2011 1898 2046 infra

329 2078 621 2114 vicecomitatum
661 2077 706 2112 de
742 2076 964 2125 Lynlythqw
1003 2077 1099 2112 inter
1135 2077 1318 2124 quandam
1358 2084 1499 2125 partem
1543 2084 1724 2114 terrarum
1768 2079 1814 2113 de
1849 2078 1896 2113 lie

330 2147 481 2194 Grange
504 2152 667 2181 vocatam
686 2145 735 2181 lie
755 2144 952 2192 Bonyesyd
972 2158 1015 2180 ex
1038 2151 1142 2192 parte
1170 2146 1389 2183 occidentali
1417 2148 1648 2184 extendendo
1675 2148 1721 2183 ad
1748 2148 1895 2183 boream

329 2228 394 2261 per
414 2214 628 2250 orientalem
647 2219 788 2261 partem
809 2219 988 2249 terrarum
1009 2214 1053 2249 de
1081 2214 1259 2250 Medoflat
1280 2217 1389 2262 vsque
1408 2216 1455 2251 ad
1474 2216 1653 2251 orientem
1672 2215 1896 2264 Bolgiburne

331 2289 366 2318 et
383 2282 736 2329 Bolligiburneafurd
757 2288 792 2316 et
811 2281 908 2317 inter
928 2287 1044 2317 terras
1063 2282 1108 2318 de
1125 2282 1226 2319 Over
1241 2283 1521 2331 Philpewistoun
1541 2296 1584 2319 ex
1603 2290 1707 2331 parte
1727 2284 1895 2319 orientali

333 2358 366 2385 et
399 2357 512 2385 toi-ras
544 2351 588 2385 de
618 2349 835 2386 Ballinhord
867 2362 911 2385 ex
942 2355 1044 2397 parte
1073 2351 1220 2387 australi
1240 2371 1246 2377 ·
1266 2351 1380 2398 Apud
1406 2351 1608 2398 Collegium
1638 2352 1658 2389 7
1687 2351 1778 2387 Maii
1802 2353 1894 2391 1577
