2147 2964
117 2077 175 2108 51.

761 280 952 318 DOMUS
978 281 1049 317 DE
1078 280 1294 319 SOLTRE.
1767 287 1814 320 43

241 380 427 416 territorio
447 392 526 416 meo
552 380 596 415 de
623 379 853 417 Cranestoun
880 393 987 427 quam
1015 380 1220 416 habuerunt
1247 381 1293 416 ab
1320 379 1599 416 antecessoribus
1626 381 1714 417 meis
1742 394 1813 429 que

240 448 334 483 iacet
362 448 457 484 inter
483 448 547 483 has
575 448 707 483 diuisas
736 449 906 485 videlicet
929 468 936 475 ·
964 461 985 483 a
1012 449 1169 495 quodam
1201 449 1302 484 fonte
1334 449 1372 484 in
1400 450 1541 485 oriente
1568 450 1629 497 qui
1657 457 1810 487 vocatur

240 515 481 552 Weteflatwel
508 516 737 551 ascendendo
758 517 880 551 versus
907 515 1067 551 austrum
1088 516 1196 563 vsque
1220 517 1266 552 ad
1285 517 1470 564 propriam
1492 524 1626 553 terram
1646 519 1743 554 suam
1763 520 1808 555 de

240 582 472 632 Qwhythope
499 589 535 619 ct
562 583 695 618 abinde
723 583 846 619 versus
873 583 1101 619 occidentem
1129 584 1237 631 vsque
1265 585 1312 619 ad
1330 584 1482 632 Regiam
1511 584 1671 621 Stratam
1690 592 1726 622 et
1744 599 1809 634 per

238 650 390 697 Regiam
413 650 572 687 Stratam
593 651 701 697 vsque
721 651 766 686 ad
788 650 995 698 Adisgrane
1014 657 1050 687 et
1069 651 1114 686 ab
1132 650 1338 698 Adisgrane
1359 652 1481 687 versus
1500 653 1677 689 orientem
1698 656 1807 701 vsque

236 719 283 754 ad
309 719 491 766 quoddam
517 731 669 766 paruum
697 718 888 754 marefium
916 718 1014 765 quod
1041 724 1194 754 vocatur
1222 719 1435 768 Kakemyre
1462 726 1499 756 et
1526 722 1659 757 abinde
1688 723 1807 757 versus

235 785 411 821 orientem
437 798 504 834 per
530 798 682 834 aggeres
711 786 874 833 lapidum
902 786 948 821 ad
976 785 1107 821 diuisas
1134 786 1266 834 positos
1294 787 1402 834 Vsque
1430 788 1476 823 ad
1508 788 1677 836 syketum
1709 791 1805 837 quod

235 855 332 890 cadit
356 855 400 890 (16
427 854 681 902 prenominato
705 854 806 889 fonte
834 859 870 889 et
897 853 945 889 fic
971 866 1036 902 per
1062 854 1228 902 syketum
1257 855 1366 902 vsque
1393 856 1440 890 ad
1465 857 1621 892 eundem
1640 857 1778 893 fontem
1798 880 1805 887 ·

235 922 452 958 Tenendam
479 928 515 958 et
542 923 745 958 habendam
774 922 1045 969 imperpetuum
1073 922 1136 958 fibi
1164 929 1200 958 et
1226 923 1483 959 successoribus
1511 924 1581 960 suis
1608 925 1653 960 de
1684 939 1742 961 me
1771 933 1807 962 et

232 991 428 1027 heredibus
447 991 535 1026 meis
554 991 646 1027 adeo
664 991 779 1026 libere
798 990 920 1038 quiete
947 990 1113 1038 plenarie
1137 997 1174 1026 et
1191 991 1393 1027 honorifice
1412 992 1502 1028 ficut
1519 993 1678 1040 aliquam
1698 994 1806 1030 aliam

233 1059 455 1095 elimosinam
483 1059 633 1095 liberius
661 1059 824 1107 quiecius
851 1059 1037 1107 plenarius
1065 1071 1108 1094 ac
1134 1058 1441 1095 honorificencius
1469 1066 1597 1096 tenent
1624 1068 1686 1097 aut
1704 1063 1807 1110 possi-

232 1128 321 1164 dent
346 1128 384 1164 in
412 1134 488 1164 toto
515 1141 630 1176 regno
659 1127 788 1165 Scocie
816 1141 897 1164 cum
926 1127 1074 1175 pastura
1098 1128 1279 1163 communi
1304 1128 1350 1163 ad
1375 1128 1552 1165 tricentas
1571 1142 1658 1166 oues
1677 1144 1698 1166 a
1716 1131 1805 1167 festo

234 1195 358 1233 saneti
378 1196 573 1232 Michaelis
592 1198 702 1243 vsque
722 1197 769 1232 ad
788 1195 1050 1231 Inuencionem
1073 1196 1203 1231 Sanae
1224 1195 1355 1232 Crucis
1369 1220 1375 1226 -
1391 1197 1471 1245 Ego
1491 1211 1578 1234 vero
1598 1205 1633 1235 et
1651 1199 1806 1236 heredes

232 1264 303 1300 mei
323 1264 640 1300 warantizabimus
666 1264 869 1311 predi&am
898 1270 1033 1300 terram
1053 1277 1135 1299 cum
1155 1264 1252 1299 ἁίἃε,
1275 1264 1423 1312 pastura
1448 1267 1617 1314 prediffis
1635 1268 1806 1304 fratribus

234 1339 363 1368 contra
386 1345 511 1367 omnes
539 1332 702 1367 homines
730 1338 766 1367 et
784 1332 938 1368 feminas
957 1352 964 1359 ·
983 1331 1036 1367 Vt
1054 1331 1123 1366 hec
1142 1344 1223 1367 mea
1241 1332 1396 1368 donacio
1416 1340 1452 1369 et
1470 1347 1551 1370 mea
1569 1337 1804 1373 confirmacio

233 1406 448 1448 perpetuum
468 1401 580 1435 robur
600 1399 763 1447 optineat
790 1399 948 1447 presenti
977 1407 1076 1435 carte
1103 1413 1183 1435 mee
1211 1400 1366 1447 sigillum
1393 1414 1511 1437 meum
1540 1405 1714 1450 apposui·
1735 1406 1804 1441 hiis

234 1469 384 1504 testibus
408 1468 554 1503 domino
575 1468 737 1503 Robcrto
765 1468 810 1503 de
830 1467 929 1503 Keth
949 1467 1166 1504 Marescallo
1194 1469 1297 1516 regni
1327 1469 1455 1506 Scocie
1475 1472 1621 1507 domino
1641 1473 1804 1510 Roberto

234 1538 279 1573 (16
298 1537 466 1573 Lawedir
493 1536 691 1572 iusticiario
718 1536 907 1572 Laudonie
935 1536 1083 1571 domino
1106 1535 1271 1572 Hem-ico
1299 1537 1344 1573 de
1374 1537 1505 1573 saneto
1524 1538 1635 1575 Claro
1655 1542 1803 1578 domino

234 1605 422 1641 willelmo
449 1606 494 1640 de
527 1605 739 1652 Abirnethy
771 1604 920 1640 domino
950 1604 1123 1640 Johanne
1155 1605 1302 1640 domino
1333 1605 1378 1641 de
1412 1605 1623 1643 Crechtoun
1654 1610 1794 1646 domin<

234 1673 420 1708 Willelmo
447 1674 588 1708 maore
616 1672 775 1707 eiusdem
794 1671 928 1719 Egidio
952 1672 1099 1707 domino
1127 1673 1172 1708 de
1191 1672 1415 1722 Ormystoun
1434 1674 1606 1712 Johanne
1625 1677 1700 1713 filio
1721 1691 1800 1714 meo

233 1748 269 1777 et
285 1741 422 1777 herede
442 1740 607 1776 Henrico
627 1741 672 1776 de
694 1739 816 1788 Curry
836 1746 872 1776 et
890 1740 1011 1776 multis
1030 1740 1122 1776 aliis.

232 1889 436 1925 Indentura
454 1888 551 1924 inter
570 1888 781 1936 magistrum
806 1893 842 1923 et
863 1888 995 1923 fratres
1014 1888 1059 1923 de
1081 1887 1200 1925 Soltre
1218 1895 1254 1925 et
1272 1889 1462 1926 Matheum
1481 1891 1592 1927 filium
1613 1893 1796 1939 quondam

232 1957 406 1993 Willelmi
425 1958 469 1993 de
490 1956 658 2004 Kynglas
678 1956 723 1991 de
745 1956 883 2004 [terris]
906 1956 1078 1992 eiusdem.

232 2064 363 2117 Anno
389 2081 514 2129 gracie
540 2079 727 2116 millesimo
755 2083 854 2115 ccemo
879 2080 979 2115 sexto
1006 2080 1103 2126 apud
1132 2078 1252 2115 Soltre
1283 2081 1378 2117 faeta
1404 2082 1473 2118 fuit
1499 2083 1567 2119 hec
1595 2085 1795 2120 conueneio

230 2150 326 2186 inter
352 2150 565 2198 magistrum
593 2155 629 2185 et
656 2155 876 2184 conuentum
904 2148 949 2183 de
979 2148 1097 2184 Soltre
1125 2161 1168 2183 ex
1195 2155 1299 2196 parte
1322 2163 1394 2185 vna
1419 2157 1455 2186 et
1474 2151 1662 2188 Matheum
1680 2153 1792 2189 filium

229 2219 413 2266 quondam
428 2217 600 2253 Willelmi
620 2217 664 2252 de
680 2217 848 2265 Kynglas
867 2229 909 2252 ex
929 2221 1033 2263 parte
1052 2216 1168 2252 altera
1188 2217 1357 2254 videlicet
1369 2240 1376 2247 -
1393 2218 1502 2261 Quod
1520 2220 1604 2255 dia-„i
1623 2222 1792 2269 magister

228 2293 264 2323 et
292 2287 423 2323 fratres
455 2285 706 2322 concesserunt
736 2291 772 2320 et
801 2285 847 2320 ad
875 2285 1014 2320 firmam
1048 2284 1260 2321 dimiserunt
1286 2286 1383 2321 dian
1411 2286 1562 2323 Matheo
1589 2294 1625 2324 et
1652 2289 1791 2325 duobus

227 2355 421 2390 heredibus
456 2354 525 2390 suis
561 2354 605 2389 de
637 2352 827 2400 Mergreta
860 2351 1129 2399 consanguinea
1159 2352 1297 2388 domini
1329 2353 1505 2390 Willelmi
1541 2355 1791 2392 archidiaconi

227 2423 418 2459 Laudonie
443 2421 643 2471 procreatis
670 2427 783 2457 totam
811 2427 944 2457 terram
971 2420 1069 2457 suam
1091 2434 1199 2467 quam
1226 2421 1432 2458 habuerunt
1458 2423 1496 2458 in
1515 2430 1724 2460 tenemento
1743 2426 1788 2461 de
