2147 2964
132 655 200 687 134

127 1345 195 1378 135

548 288 758 326 SANCTE
787 289 1108 327 TRINITATIS
1134 290 1205 326 DE
1233 289 1569 328 EDINBURGH.
1778 297 1846 328 153

266 387 435 422 manibus
462 386 784 435 hospitulariorum
813 390 858 425 ob
883 396 1037 426 mortem
1065 389 1151 425 dieti
1180 389 1336 426 Henrici
1363 396 1399 426 et
1427 390 1584 426 Cristine
1604 391 1692 427 Bust
1720 392 1843 439 sponse

267 455 450 501 quondam
480 456 631 492 Andree
663 457 837 493 Bowman
870 459 929 494 aui
962 458 1049 494 dieti
1082 458 1235 494 Andree
1263 479 1270 485 ·
1296 459 1409 506 Apud
1438 458 1644 507 Collegium
1670 463 1717 495 23
1739 460 1841 496 Junii

270 526 374 559 1584.

263 642 450 695 JOANNES
475 659 613 695 Bowsie
641 667 677 696 et
704 660 764 695 alii
792 660 1022 707 hospitularii
1048 667 1084 697 et
1113 661 1283 708 magister
1311 661 1498 708 hospitalis
1517 663 1606 698 dant
1624 672 1836 711 preceptum

264 726 375 761 safine
401 739 467 774 pro
494 726 710 775 Margareta
738 727 931 763 Elizabeth
968 734 1004 764 et
1033 728 1180 764 Helena
1210 728 1406 764 Wilsounis
1434 736 1606 777 tanquam
1635 731 1777 767 filiabus
1802 740 1838 768 et

261 794 456 830 heredibus
475 796 660 842 quondam
681 795 841 832 Gilberti
862 795 1026 831 Wilsoun
1054 796 1091 831 in
1119 803 1219 833 terra
1246 797 1421 833 anteriori
1448 798 1486 833 in
1507 798 1594 834 villa
1611 799 1655 835 de
1675 799 1781 835 Leith
1802 809 1837 836 et

260 863 412 898 baronia
437 863 483 899 de
509 862 692 912 Restalrig
719 869 754 899 et
782 864 1039 900 vicecomitatu
1066 864 1112 900 de
1139 864 1357 913 Edinburgh
1384 865 1483 901 infra
1509 871 1626 901 terras
1654 868 1836 914 quondam

259 930 415 966 Joannis
445 931 543 968 Cant
569 937 606 968 et
631 932 770 968 domini
802 932 944 968 abbatis
971 933 1017 968 de
1045 932 1262 968 Newbottill
1289 946 1333 968 ex
1360 939 1464 981 parte
1488 933 1628 970 boreali
1647 940 1683 970 et
1702 942 1835 971 terram

260 1000 444 1046 quondam
462 999 589 1036 Dauid
610 999 724 1037 Clerk
744 1014 788 1037 ex
807 1007 910 1048 parte
929 1000 1077 1036 australi
1099 1006 1235 1036 terram
1254 1002 1439 1048 quondam
1460 1002 1613 1038 Roberti
1632 1003 1771 1040 Barcar
1791 1018 1834 1040 ex

259 1067 428 1104 orientali
445 1074 482 1104 et
501 1081 731 1104 communem
752 1069 846 1105 viam
866 1082 911 1105 ex
930 1069 1152 1105 occidentali
1170 1091 1178 1098 ·
1198 1069 1312 1116 Apud
1333 1069 1540 1118 Collegium
1563 1074 1607 1107 lO
1625 1071 1719 1107 Julii
1741 1075 1835 1108 1584

259 1149 381 1173 coram
407 1137 581 1185 magistro
611 1137 776 1186 Georgio
804 1137 1006 1174 Makesoun
1038 1138 1219 1174 aduocato
1245 1137 1392 1174 Joanne
1421 1138 1582 1175 Rowane
1610 1146 1646 1175 et
1674 1140 1833 1177 Patricio

259 1205 385 1254 Logye
405 1218 486 1241 cum
506 1205 600 1241 aliis.

262 1323 491 1379 MAGISTER
510 1342 695 1379 Robertus
714 1343 810 1379 Pont
837 1343 1039 1391 prepositus
1058 1350 1095 1380 et
1113 1345 1349 1392 prebendarii
1374 1346 1594 1383 confirmant
1613 1354 1752 1384 cartam
1772 1350 1834 1385 sub

259 1411 328 1446 hac
352 1411 470 1446 forma
487 1431 494 1438 ·
513 1411 539 1447 J
542 1423 691 1447 oANNEs
715 1411 862 1447 Gilbert
885 1412 1070 1448 aurifaber
1096 1412 1284 1460 burgensis
1312 1414 1357 1449 ‹le
1376 1413 1594 1463 Edinburgh
1614 1429 1681 1464 pro
1700 1418 1832 1465 perim-

259 1480 419 1527 pletione
437 1482 646 1516 commotus
663 1480 708 1515 de
728 1480 814 1516 data
832 1481 929 1528 apud
948 1478 1346 1516 Vicumcanonic'orum
1374 1485 1417 1517 21
1440 1482 1530 1518 Julii
1551 1485 1676 1520 vendit
1694 1485 1831 1522 Joanni

259 1548 353 1583 Blak
380 1548 509 1584 sartori
537 1548 726 1596 burgensis
753 1548 1103 1585 Vicicanonicorum
1131 1549 1341 1585 monasterii
1376 1550 1507 1587 Sauene
1541 1552 1671 1588 Crucis
1706 1561 1741 1589 et
1763 1554 1830 1590 Ca—

258 1616 411 1652 tharene
426 1616 637 1652 Thomsoun
653 1617 730 1652 eius
749 1617 874 1664 sponse
894 1623 930 1653 et
943 1617 1085 1653 Jacobo
1101 1617 1195 1652 Blak
1210 1630 1334 1653 eorum
1349 1618 1425 1653 filio
1441 1625 1476 1654 et
1492 1619 1618 1655 heredi
1637 1625 1828 1668 apparenti

257 1684 451 1719 heredibus
478 1684 547 1724 suis
574 1691 610 1720 et
637 1684 820 1733 affignatis
848 1690 1095 1721 tenementum
1122 1690 1220 1721 terre
1239 1685 1334 1720 dieto
1353 1686 1491 1722 Joanni
1513 1687 1659 1724 Gilbcrt
1687 1689 1829 1726 heredi—

257 1752 348 1788 tarie
376 1753 564 1800 pertinens
596 1765 678 1788 cum
710 1753 817 1788 horto
844 1754 968 1789 iacens
995 1767 1039 1790 ex
1067 1753 1237 1789 orientali
1264 1754 1378 1790 latere
1408 1755 1477 1790 vici
1508 1756 1601 1803 regii
1629 1761 1827 1806 nuncupati

256 1820 475 1869 Leithwynd
507 1823 603 1856 inter
634 1826 751 1857 terras
781 1822 965 1868 quondam
994 1821 1126 1857 Jacobi
1155 1821 1314 1870 Waldye
1346 1835 1444 1858 nunc
1475 1824 1702 1870 pertinentes
1732 1827 1827 1863 diuo

255 1889 393 1925 Joanni
412 1888 507 1925 Blak
533 1901 577 1924 ex
605 1889 754 1925 australi
782 1896 898 1925 terras
925 1890 1112 1938 hospitalis
1141 1889 1264 1926 Sancti
1283 1890 1389 1926 Pauli
1418 1904 1461 1926 ex
1489 1892 1627 1928 boreali
1655 1900 1771 1930 terras
1791 1905 1827 1932 ct

254 1957 380 1993 hortos
408 1957 593 2005 quondam
620 1957 777 1993 Dauidis
805 1958 935 1994 Leithe
964 1971 1060 1994 nunc
1087 1959 1309 2006 pauperibus
1337 1960 1542 1996 oratoribus
1572 1960 1693 1998 Sancti
1719 1963 1824 2000 Pauli

254 2026 481 2073 pertinentes
509 2038 552 2061 ex
581 2025 750 2062 orientali
779 2032 814 2061 et
841 2039 1070 2062 communem
1098 2027 1286 2063 transitum
1315 2028 1409 2063 dieto
1430 2029 1563 2065 vinelle
1583 2043 1626 2066 ex
1655 2032 1822 2069 orientali

251 2106 319 2142 pro
346 2094 482 2129 summa
509 2094 663 2141 pecunie
683 2114 689 2121 -
709 2093 912 2130 Reddendo
940 2095 1128 2130 annuatim
1156 2095 1404 2141 prebendariis
1432 2098 1454 2133 (5
1472 2110 1613 2135 marcas
1644 2100 1764 2137 Scotie
1788 2110 1823 2138 et

253 2162 427 2198 soluendo
455 2175 581 2198 omnes
608 2175 749 2198 annuos
776 2163 941 2199 redditus
968 2164 1038 2199 rite
1065 2163 1206 2200 debitos
1233 2177 1275 2199 ac
1302 2165 1446 2200 balliuis
1472 2166 1821 2206 Vicicanonicorum

251 2230 391 2266 firmam
417 2230 608 2278 burgalem
635 2243 716 2266 cum
743 2230 899 2266 seruitiis
927 2232 1109 2267 curiarum
1133 2253 1140 2260 ·
1161 2232 1274 2279 Apud
1300 2232 1517 2281 Edinburgh
1545 2238 1591 2271 ‘28
1610 2236 1702 2272 Julii
1725 2242 1817 2274 1584

251 2311 374 2334 coram
393 2298 539 2334 Joanne
561 2297 656 2334 Reid
684 2305 888 2335 mercatore
916 2299 1038 2336 incola
1066 2300 1111 2335 de
1143 2299 1362 2349 Edinburgh
1395 2302 1540 2339 Thoma
1568 2303 1654 2353 Hay
1681 2309 1817 2343 nuncio

251 2366 416 2403 Henrico
435 2366 586 2415 Logane
605 2367 680 2402 filio
708 2373 744 2403 et
770 2367 906 2403 herede
933 2374 1132 2415 apparente
1151 2368 1177 2403 J
1179 2369 1281 2404 acobi
1301 2369 1451 2417 Logane
1471 2373 1672 2408 eommunis
1691 2374 1814 2412 clerici

248 2435 356 2483 burgi
375 2435 724 2472 Vicicanonicorum
744 2435 770 2472 J
773 2448 890 2472 oanne
909 2435 1102 2473 Robesoun
1131 2437 1248 2473 scriba
1274 2439 1447 2486 magistro
1465 2440 1491 2476 J
1494 2453 1611 2478 oanne
1641 2442 1813 2481 Chalmer

999 2517 1022 2539 U
