2147 2964
338 273 385 311 76
637 268 955 307 REGISTRUM
982 267 1234 306 ECCLESIE
1264 267 1607 305 COLLEGIATE

339 371 495 407 exitibus
514 369 746 418 hereyheldis
764 368 968 405 bludewitis
988 373 1024 403 et
1047 367 1244 404 merchetis
1271 367 1463 403 mulierum
1483 379 1526 403 ac
1545 379 1628 403 cum
1647 367 1813 403 omnibus
1832 367 1912 403 aliis

339 448 374 477 et
402 440 550 488 singulis
577 439 807 476 libertatibus
835 437 1154 474 commoditatibus
1182 442 1218 472 et
1244 436 1450 472 asiamentis
1477 448 1519 471 ac
1546 435 1646 471 iustis
1671 435 1913 484 pertinenciis

339 510 407 546 suis
435 504 723 557 quibuscumque
752 513 827 543 tam
856 519 930 542 non
962 505 1160 542 nominatis
1190 518 1299 552 quam
1330 504 1529 541 nominatis
1559 511 1634 540 tam
1665 505 1789 540 subtus
1816 510 1917 541 terra

339 592 447 627 quam
465 578 573 627 supra
591 584 727 614 terram
750 576 880 625 procul
907 581 943 612 et
969 588 1083 623 prope
1111 575 1158 610 ad
1183 574 1364 622 medietas
1397 579 1514 609 terras
1541 578 1578 609 et
1602 573 1815 609 molendina
1835 586 1916 609 cum

338 647 572 696 pertinenciis
597 646 841 694 spetimntibus
859 645 921 680 seu
947 644 1039 680 iuste
1064 643 1224 691 speRare
1244 642 1450 678 valentibus
1469 641 1745 688 quomodolibet
1764 641 1802 677 in
1822 642 1916 677 futu-

339 728 420 751 rum
448 715 562 751 libere
591 714 713 762 quiete
744 713 910 761 plenarie
939 712 1082 760 integre
1113 711 1314 747 honorifice
1340 712 1434 747 bene
1462 716 1498 746 et
1525 711 1562 746 in
1589 723 1681 758 pace
1701 710 1774 746 fine
1794 710 1917 758 aliquo

340 785 600 832 impedimento
626 782 868 819 reuocacione
895 781 956 817 seu
984 780 1283 817 contradiccione
1303 778 1417 815 nostri
1436 784 1499 815 aut
1517 779 1757 814 successorum
1777 778 1917 814 nostro-

341 866 422 889 rum
442 864 743 900 quorumcunque
762 850 998 898 quouismodo
1018 849 1172 896 desuper
1191 848 1359 885 facienda
1385 848 1423 883 in
1448 847 1612 883 futurum
1632 853 1669 883 et
1688 848 1780 883 adeo
1800 847 1918 883 libere

342 922 465 970 quiete
484 920 647 969 plenarie
674 920 818 967 integre
844 918 1045 954 honorifice
1063 918 1156 954 bene
1176 923 1211 953 et
1238 917 1277 952 in
1295 929 1386 964 pace
1413 916 1452 952 in
1471 916 1639 952 omnibus
1658 921 1694 951 et
1713 929 1778 964 per
1797 916 1920 951 omnia

343 991 432 1027 sicut
451 990 535 1026 dieti
554 988 786 1038 prebendarii
814 993 849 1023 et
875 986 1055 1035 capellani
1082 986 1241 1034 prefatas
1268 991 1385 1022 terras
1413 990 1448 1021 et
1474 984 1686 1020 molendina
1706 998 1788 1020 cum
1808 985 1920 1032 perti-

343 1059 482 1096 nenciis
509 1057 679 1106 perprius
706 1056 941 1104 pofl'edebant
969 1061 1004 1091 et
1024 1055 1114 1091 sicut
1141 1054 1282 1101 aliquas
1308 1059 1425 1089 terras
1448 1053 1616 1089 redditus
1637 1059 1672 1089 et
1690 1052 1920 1101 possessiones

344 1129 396 1165 eis
414 1140 480 1175 per
497 1126 677 1174 prefatam
697 1125 793 1160 suam
814 1124 1057 1160 fundatricem
1083 1130 1145 1160 aut
1173 1123 1264 1159 alios
1290 1122 1534 1170 quoscumque
1560 1123 1786 1170 temporibus
1805 1131 1921 1159 retro-

345 1196 433 1232 affls
453 1196 556 1231 datas
575 1199 610 1230 et
630 1192 812 1229 concessas
838 1193 910 1228 iam
937 1191 1117 1239 poffident
1134 1198 1170 1228 et
1194 1191 1357 1239 gaudent
1376 1197 1440 1226 aut
1459 1190 1549 1227 sicut
1566 1191 1686 1238 alique
1707 1198 1805 1228 terre
1824 1192 1921 1228 infra

345 1276 498 1312 regnum
518 1262 678 1298 nostrum
701 1261 851 1296 liberius
870 1260 1006 1295 dantur
1031 1260 1285 1295 conceduntur
1311 1259 1582 1295 mortificantur
1601 1265 1637 1295 et
1657 1261 1922 1296 confirmantur

346 1333 407 1368 seu
433 1344 498 1379 per
524 1330 768 1378 quoscumque
796 1327 1055 1364 ecclesiasticos
1080 1326 1305 1375 possidentur
1332 1332 1395 1362 aut
1422 1327 1503 1363 dari
1531 1327 1683 1363 concedi
1707 1328 1923 1364 mortificari

347 1399 557 1437 confirmari
575 1399 636 1434 seu
654 1397 824 1445 poffideri
851 1396 1014 1444 poterint
1040 1396 1078 1431 in
1103 1395 1265 1431 futurum
1284 1417 1290 1424 ·
1311 1395 1342 1430 F
1343 1395 1498 1431 aciendo
1517 1395 1603 1431 inde
1623 1396 1814 1432 annuatim
1835 1396 1922 1433 dieti

347 1467 582 1517 prebendarii
601 1472 637 1502 et
656 1466 837 1514 capellani
856 1471 893 1501 et
912 1465 1126 1501 successores
1143 1464 1196 1499 sui
1222 1476 1290 1511 pro
1308 1464 1452 1511 prefata
1478 1464 1541 1500 sua
1567 1464 1775 1500 fundatrice
1794 1477 1837 1500 ac
1856 1477 1922 1513 pro

348 1537 452 1573 nobis
470 1534 781 1584 predecessoribus
801 1539 835 1569 et
855 1532 1112 1569 successoribus
1132 1532 1264 1568 nostris
1283 1533 1497 1569 oracionum
1515 1533 1688 1582 suffragia
1706 1533 1923 1570 deuotarum

350 1606 549 1642 secundum
563 1610 729 1640 tenorem
744 1603 804 1638 sue
819 1601 1052 1638 fundacionis
1067 1622 1074 1630 ·
1088 1613 1233 1636 necnon
1251 1601 1485 1637 sustentando
1501 1607 1536 1638 et
1548 1601 1717 1637 faciendo
1733 1601 1866 1637 cotidie
1884 1602 1923 1637 in

351 1674 448 1710 dieto
466 1672 590 1708 nostro
613 1670 769 1718 collegio
794 1668 930 1705 miffam
950 1669 1063 1704 Beate
1083 1668 1203 1704 Marie
1231 1681 1312 1704 cum
1341 1669 1485 1705 cantico
1512 1675 1548 1705 et
1575 1676 1663 1705 nota
1688 1675 1724 1705 et
1749 1670 1797 1705 ad
1821 1669 1923 1705 illam

352 1741 488 1778 missam
520 1752 718 1787 omnesque
750 1738 840 1774 alias
870 1736 987 1773 missas
1016 1750 1083 1784 per
1115 1736 1210 1784 ipsos
1246 1736 1484 1772 celebrandas
1520 1737 1699 1784 capiendo
1730 1737 1922 1785 specialem

354 1810 540 1846 collectam
565 1821 633 1856 pro
658 1807 761 1843 nobis
788 1812 825 1843 et
849 1806 948 1842 omni
976 1808 1081 1841 noste
1106 1805 1186 1852 post
1209 1805 1374 1852 vesperas
1402 1817 1510 1840 vnam
1535 1804 1774 1852 antiphonam
1799 1817 1923 1841 coram

354 1878 526 1926 ymagine
545 1877 658 1912 Beate
677 1875 797 1912 Marie
817 1874 971 1922 virginis
1001 1879 1037 1909 et
1067 1873 1145 1921 post
1171 1873 1334 1908 nostrum
1363 1872 1543 1908 decessum
1570 1873 1790 1909 celebrando
1809 1885 1924 1909 annu-

356 1946 443 1982 atim
463 1945 521 1981 die
541 1945 659 1981 obitus
678 1943 792 1979 nostri
811 1941 947 1977 missam
966 1941 1094 1989 regine
1112 1954 1180 1988 pro
1199 1941 1378 1976 defunais
1401 1953 1484 1977 cum
1504 1941 1655 1977 Placebo
1675 1946 1711 1977 et
1729 1942 1867 1989 Dirige
1886 1948 1924 1977 vt

357 2014 467 2049 moris
486 2014 536 2048 est
556 2018 592 2048 et
611 2011 724 2048 veluti
743 2023 810 2059 pro
829 2010 934 2045 nobis
952 2009 1033 2045 fieri
1060 2009 1231 2057 congruit
1257 2015 1400 2045 tantum
1428 2021 1495 2057 pro
1522 2009 1689 2045 omnibus
1708 2009 1786 2045 aliis
1805 2010 1923 2045 oneri-

357 2084 423 2118 bus
442 2080 690 2129 questionibus
717 2078 974 2115 exaccionibus
1001 2077 1062 2113 seu
1089 2077 1279 2113 demandis
1307 2089 1377 2124 que
1404 2077 1449 2112 de
1476 2076 1579 2112 dietis
1606 2077 1714 2113 terris
1733 2083 1770 2114 et
1788 2077 1923 2113 molen-

360 2150 454 2185 dinis
471 2162 552 2185 cum
571 2147 808 2196 pertinenciis
828 2146 925 2194 exigi
951 2145 1113 2193 poterint
1135 2145 1409 2192 quomodolibet
1429 2145 1487 2181 vel
1504 2144 1642 2192 requiri
1660 2162 1668 2170 ·
1688 2144 1733 2180 In
1751 2144 1852 2181 cuius
1871 2146 1925 2181 rei

361 2217 604 2253 testimonium
630 2215 785 2264 presenti
813 2220 914 2250 carte
940 2213 1061 2249 nostre
1089 2213 1304 2249 donacionis
1331 2213 1624 2249 confirmacionis
1651 2218 1687 2248 et
1710 2212 1925 2248 admortiza-

363 2285 476 2320 cionis
494 2297 665 2332 magnum
686 2283 838 2331 sigillum
861 2281 1022 2318 nostrum
1050 2280 1180 2329 apponi
1207 2281 1437 2329 precepimus
1461 2280 1610 2316 testibus
1628 2279 1925 2316 reuerendiffimo

365 2353 403 2387 in
417 2352 561 2388 Christo
575 2358 679 2399 patre
694 2351 887 2398 nostroque
902 2348 1079 2386 cariffimo
1094 2349 1207 2385 fratre
1220 2348 1245 2384 J
1248 2349 1362 2385 acobo
1378 2347 1640 2385 Sanfitiandree
1655 2347 1925 2396 archiepiscopo

368 2426 436 2455 etc.
455 2419 674 2455 cancellario
694 2420 816 2455 nostro
840 2418 1046 2454 reuerendo
1073 2417 1111 2453 in
1133 2416 1278 2454 Christo
1304 2422 1408 2465 patre
1426 2415 1612 2452 Willelmo
1631 2415 1796 2464 episcopo
1814 2415 1926 2451 Abir-
