2147 2964
107 663 149 701 17

503 300 715 338 SANCTE
745 300 1062 338 TRINITATIS
1089 301 1160 337 DE
1188 301 1523 340 EDINBURGH.
1751 308 1797 346 87

221 476 525 526 [Instrumentum
555 480 708 528 Georgii
737 480 910 516 Neutone
942 480 1074 516 notarii
1103 481 1148 516 de
1176 482 1403 530 transumpto
1430 483 1571 531 registri
1600 485 1644 520 de
1674 484 1794 522 Soltre

220 559 286 593 per
305 548 339 583 se
358 547 481 596 salita]

219 654 273 706 IN
298 669 371 705 Dei
398 671 546 705 nomine
573 682 679 706 amen
699 691 706 698 ·
724 670 910 706 Nouerint
939 670 1096 706 vniuerfi
1124 677 1160 707 et
1188 672 1319 719 singuli
1345 673 1416 709 hoe
1443 675 1590 721 presens
1608 676 1792 723 publicum

217 738 429 786 transumpti
448 738 729 774 instrumentum
748 738 944 786 inspefituri
959 744 995 774 et
1010 739 1173 775 audituri
1188 741 1286 787 quod
1301 753 1368 775 nos
1385 741 1557 777 Matheus
1573 742 1650 778 Ker
1664 756 1792 790 prepo-

217 806 302 842 situs
319 805 468 842 ecclesie
489 806 682 855 collegiate
703 807 838 842 Nostre
855 807 1014 842 Domine
1034 807 1072 842 in
1094 806 1244 855 Campis
1262 821 1376 856 prope
1396 809 1615 857 Edinburgh
1635 824 1678 847 ac
1697 824 1792 847 com-

217 875 394 912 missarius
409 876 628 912 venerabilis
643 882 679 912 et
699 876 839 924 egregii
854 876 922 911 viri
938 875 1076 911 domini
1096 876 1257 911 officialis
1280 875 1544 914 Sanaiandree
1563 878 1660 915 infra
1674 881 1791 916 arehi-

216 944 448 980 diaconatum
469 945 660 981 Laudonie
688 945 736 980 ad
761 943 1034 981 vniuersitatem
1059 944 1248 980 causarum
1277 945 1483 992 specialiter
1509 947 1726 984 constitutus
1746 950 1791 985 ad

216 1013 355 1061 egregii
387 1013 455 1049 viri
487 1013 651 1061 magistri
682 1012 866 1048 Johannis
898 1012 1023 1061 Brady
1051 1012 1305 1049 archidiaconi
1333 1013 1524 1051 Laudonie
1554 1022 1590 1051 et
1618 1018 1791 1065 prepositi

215 1081 365 1118 ecclesie
393 1082 586 1130 collegiate
617 1081 748 1117 sanae
777 1080 974 1116 Trinitatis
1004 1094 1116 1129 prope
1145 1081 1363 1131 Edinburgh
1396 1089 1432 1120 et
1462 1085 1790 1132 prebendariorum

215 1150 302 1186 dial
329 1150 473 1199 collegii
501 1149 694 1186 instancias
723 1155 759 1185 et
785 1149 1046 1197 requifieiones
1073 1162 1200 1186 omnes
1227 1156 1264 1186 et
1283 1150 1442 1199 singulos
1461 1152 1524 1188 sua
1547 1155 1790 1191 communiter

216 1219 274 1255 vel
292 1219 433 1255 diuisim
463 1218 630 1255 interesse
657 1219 834 1254 habentes
862 1218 920 1253 seu
948 1218 1084 1254 habere
1111 1224 1284 1265 putantes
1303 1220 1349 1255 ad
1368 1220 1565 1257 videndum
1586 1228 1622 1258 et
1640 1224 1789 1259 audien-

215 1288 298 1323 dum
318 1287 512 1335 registrum
533 1292 717 1323 cartarum
738 1292 774 1321 et
792 1285 1115 1322 instrumentorum
1135 1287 1180 1322 de
1209 1293 1243 1323 et
1268 1288 1373 1336 super
1392 1289 1656 1327 donacionibus
1675 1298 1788 1329 terra-

214 1368 295 1390 rum
315 1356 360 1390 de
390 1354 537 1403 Soltray
563 1367 606 1390 ae
636 1354 790 1390 aliarum
820 1360 1000 1390 terrarum
1031 1361 1068 1391 et
1097 1368 1302 1391 annuorum
1331 1358 1514 1394 redituum
1542 1361 1787 1397 concessarum

215 1423 297 1459 Deo
325 1429 360 1458 et
388 1423 512 1458 domui
543 1423 673 1458 San&e
693 1421 890 1457 Trinitatis
918 1422 963 1457 de
988 1421 1135 1470 Soltray
1155 1429 1190 1458 et
1217 1424 1391 1460 fratribus
1418 1425 1507 1461 inibi
1528 1426 1611 1463 Deo
1631 1429 1787 1464 seruien-

214 1491 310 1527 tibus
339 1491 375 1526 in
407 1490 610 1526 huiusmodi
640 1489 794 1537 registro
822 1490 1099 1537 registratarum
1126 1497 1278 1539 propter
1310 1493 1567 1540 antiquitatem
1604 1502 1640 1532 et
1671 1498 1786 1533 vetus-

215 1567 326 1595 tatem
354 1558 558 1594 huiusmodi
582 1558 728 1606 registri
755 1558 942 1594 tranfl'umi
971 1559 1163 1595 transcribi
1191 1566 1226 1596 et
1250 1561 1451 1608 exemplari
1475 1570 1511 1598 et
1539 1563 1574 1599 in
1603 1565 1786 1611 publicam

214 1627 442 1676 tranffumpti
470 1628 625 1663 formam
658 1628 777 1676 redigi
807 1627 865 1663 vel
894 1629 939 1663 ad
972 1628 1168 1664 dicendum
1201 1634 1236 1665 et
1268 1631 1413 1666 causam
1443 1632 1467 1666 si
1493 1645 1600 1679 quam
1629 1634 1786 1671 habeant

212 1697 474 1732 racionabilem
494 1696 728 1744 allegandum
748 1709 861 1743 quare
888 1696 1056 1744 premissa
1083 1697 1233 1733 minime
1259 1698 1339 1733 fieri
1359 1699 1535 1736 deberent
1554 1714 1620 1748 per
1638 1703 1786 1740 audien-

213 1766 306 1801 ciam
326 1765 509 1813 publicam
528 1765 717 1800 literarum
737 1764 942 1801 nostrarum
964 1765 998 1800 in
1019 1765 1135 1800 valuis
1155 1765 1305 1802 ecclesie
1324 1767 1517 1816 collegiate
1538 1769 1642 1806 Beati
1661 1771 1785 1820 Egidii

213 1833 257 1869 de
277 1832 497 1880 Edinburgh
516 1845 598 1868 cum
626 1833 864 1868 intimacione
883 1833 1030 1880 publica
1048 1839 1083 1869 et
1102 1833 1262 1882 expressa
1279 1840 1317 1871 vt
1335 1836 1445 1871 moris
1465 1837 1515 1872 est
1535 1838 1641 1874 citari
1660 1840 1785 1877 decre-

213 1902 331 1937 uimus
351 1907 387 1937 et
405 1900 658 1936 mandauimus
678 1901 725 1936 ad
744 1901 898 1936 tercium
926 1902 1123 1937 terminum
1143 1909 1410 1951 competentem
1433 1905 1604 1943 videlicet
1623 1909 1668 1944 ad
1688 1910 1783 1945 diem

212 1969 339 2004 horam
368 1974 404 2004 et
430 1968 550 2004 locum
578 1968 830 2016 infrascriptos
848 1989 855 1996 ·
875 1969 1006 2016 quibus
1034 1971 1315 2008 aduenientibus
1337 1978 1373 2008 et
1392 1974 1496 2009 nobis
1523 1987 1590 2022 pro
1610 1977 1782 2014 tribunali

212 2037 419 2073 sedentibus
447 2037 652 2084 comparuit
683 2037 721 2072 in
750 2037 887 2073 iudicio
914 2037 1094 2086 legittime
1123 2051 1245 2075 coram
1269 2041 1374 2076 nobis
1393 2041 1617 2079 honorabilis
1637 2046 1692 2081 vir
1710 2060 1783 2084 ma-

211 2105 325 2152 gister
343 2105 368 2141 J
371 2106 506 2141 acobus
526 2105 775 2141 Haliburtoun
794 2112 1013 2153 procurator
1032 2111 1068 2142 et
1087 2119 1129 2142 eo
1147 2108 1296 2144 nomine
1315 2109 1400 2145 dieti
1419 2111 1582 2158 magistri
1601 2113 1627 2149 J
1629 2114 1783 2152 ohannis

214 2173 338 2221 Brady
370 2179 406 2209 et
436 2173 762 2221 prebendariorum
795 2174 880 2209 diai
916 2174 1058 2221 collegii
1092 2175 1136 2211 de
1169 2176 1272 2212 euius
1303 2180 1579 2225 procuracionis
1610 2184 1782 2221 mandato

213 2241 316 2277 nobis
342 2241 480 2289 liquide
509 2241 694 2278 constabat
712 2262 719 2269 -
738 2241 946 2288 quiquidem
975 2243 1145 2290 magister
1163 2244 1326 2281 Jacobus
1352 2251 1607 2295 procuratorio
1634 2254 1781 2290 nomine

213 2321 284 2355 quo
309 2309 416 2357 supra
445 2310 559 2345 diaas
588 2310 713 2346 literas
743 2309 928 2346 citatorias
959 2310 997 2346 in
1027 2312 1122 2348 dieta
1148 2313 1272 2349 nostra
1303 2315 1498 2353 audiencia
1524 2325 1560 2354 et
1586 2321 1709 2357 nostro
1736 2323 1781 2359 de

213 2378 385 2414 mandato
404 2379 526 2415 debite
555 2378 768 2415 execucioni
796 2379 1034 2415 demandatas
1062 2386 1098 2416 et
1125 2380 1328 2418 indorsatas
1350 2383 1443 2420 festo
1462 2387 1727 2434 representauit
1747 2399 1781 2427 et

215 2445 340 2492 vigore
359 2448 556 2483 earundem
578 2447 715 2484 vocatis
734 2447 899 2484 omnibus
918 2453 955 2484 et
973 2447 1123 2497 singulis
1147 2449 1314 2487 interesse
1332 2451 1550 2490 habentibus
1568 2456 1629 2492 seu
1647 2457 1781 2496 habere
