2147 2964
341 314 412 346 284
715 307 894 345 CARTE
921 305 1173 344 ECCLESIE
1202 305 1544 343 COLLEGIATE

342 415 498 455 quatuor
517 407 603 443 anni
631 407 807 442 terminos
835 406 1051 453 subscriptos
1078 405 1189 441 faciet
1208 426 1215 433 ·
1239 404 1428 441 Secundus
1455 405 1722 453 prebendarius
1748 405 1828 453 post
1854 405 1914 441 de-

342 488 473 511 canum
493 475 684 511 vocabitur
709 474 869 511 Sacrista
886 474 1108 520 habebitque
1135 486 1200 521 pro
1228 473 1290 508 sua
1317 473 1582 509 sustentacione
1608 473 1743 509 sextam
1772 479 1914 521 partem

342 543 496 579 restorie
522 542 653 579 Sanete
673 542 794 578 Marie
822 543 868 578 (le
896 542 1017 590 Rosay
1035 541 1073 576 in
1098 541 1197 589 Buyt
1225 546 1260 576 et
1288 548 1445 588 quatuor
1471 541 1584 577 libras
1611 547 1756 577 monete
1787 540 1915 577 Scocie

342 612 386 646 de
405 611 521 647 thecis
540 611 669 646 decani
699 623 765 658 pro
791 616 955 657 tempore
974 622 1130 645 vnacum
1159 621 1306 645 camera
1332 615 1368 644 et
1395 615 1476 644 orto
1501 609 1560 645 cui
1580 609 1736 644 officium
1756 609 1825 644 erit
1843 621 1916 644 me-

342 685 522 714 moratum
538 678 733 725 collegium
749 678 900 714 honeste
921 679 1113 714 obseruare
1131 677 1264 712 iocalia
1282 682 1498 713 ornamenta
1517 677 1628 713 libros
1646 677 1777 712 calices
1796 677 1917 713 claues

342 746 491 783 ecclesie
511 760 553 782 ac
582 753 704 783 cetera
731 747 778 782 ad
805 746 971 781 diuinum
999 746 1138 782 cultum
1165 746 1362 792 speetantia
1381 745 1470 782 ficut
1489 746 1550 781 alii
1569 745 1715 781 sacriste
1735 745 1916 781 custodire

343 821 379 851 et
396 828 463 862 pro
483 815 617 850 eisdem
637 820 768 861 quater
786 814 823 849 in
853 827 949 850 anno
976 820 1182 862 compotum
1202 815 1342 850 decano
1371 820 1407 850 et
1435 814 1596 861 capitulo
1622 814 1778 849 reddere
1806 820 1842 850 et
1860 827 1915 849 or-

343 888 517 919 namenta
539 883 665 918 altaris
691 888 726 918 et
753 883 826 918 alia
853 889 1070 918 ornamenta
1095 882 1265 930 impensis
1291 882 1450 929 propriis
1476 882 1595 917 lauari
1621 881 1743 917 facere
1763 888 1798 917 et
1817 883 1916 917 omni

342 951 529 987 honestate
548 951 692 986 seruare
710 950 932 997 habebitque
950 963 1016 998 pro
1036 950 1222 997 campanis
1249 950 1433 998 pulsandis
1454 950 1694 985 luminaribus
1714 951 1916 986 accenden-

342 1020 395 1055 dis
415 1018 567 1055 ecclessa
586 1019 764 1066 tergenda
783 1024 821 1053 ut
841 1019 1005 1066 superius
1025 1018 1248 1067 expremitur
1266 1019 1357 1053 duos
1376 1031 1509 1065 pueros
1529 1024 1639 1053 cantu
1658 1018 1795 1065 peritos
1816 1018 1915 1066 supe-

342 1089 415 1123 rius
434 1088 642 1123 nominatos
661 1093 697 1123 et
716 1087 905 1123 ordinatos
924 1086 987 1122 fibi
1016 1087 1227 1122 obedientes
1247 1108 1253 1115 ·
1275 1086 1424 1122 Tertius
1443 1086 1706 1134 prebendarius
1726 1087 1917 1122 vocabitur

340 1156 606 1203 prebendarius
626 1156 671 1191 de
691 1155 790 1203 Buyt
811 1154 980 1190 Secundo
1000 1155 1221 1202 habebitque
1248 1167 1315 1201 pro
1343 1154 1406 1189 sua
1430 1153 1696 1189 sustentacione
1715 1166 1823 1189 vnam
1843 1155 1917 1190 sex-

341 1231 411 1259 tam
441 1229 582 1271 partem
615 1223 776 1258 omnium
809 1223 991 1257 fruetuum
1022 1223 1178 1257 reaorie
1207 1223 1251 1258 de
1279 1222 1379 1270 Buyt
1410 1234 1565 1257 vnacum
1599 1234 1745 1256 camera
1774 1227 1810 1257 et
1837 1229 1917 1258 orto

342 1292 436 1326 dieo
457 1291 611 1338 collegio
631 1291 813 1337 contiguis
833 1290 975 1337 eritque
996 1296 1105 1325 cantu
1130 1297 1165 1326 et
1185 1291 1349 1326 discantu
1368 1290 1508 1337 peritus
1528 1295 1564 1325 et
1581 1290 1708 1325 doetus
1726 1310 1733 1317 ·
1755 1290 1918 1333 Quartus

341 1359 607 1407 prebendarius
626 1358 874 1394 intitulabitur
893 1359 938 1393 de
962 1358 1061 1406 Buyt
1083 1358 1219 1395 Tercio
1249 1359 1470 1406 habebitque
1489 1371 1556 1406 pro
1575 1358 1637 1394 sua
1654 1358 1918 1396 sustentacione

344 1441 450 1463 vnam
479 1428 612 1463 sextam
640 1432 783 1474 partem
811 1426 973 1462 omnium
1003 1426 1184 1462 fruetuum
1212 1433 1248 1462 et
1275 1427 1604 1462 emolumentorum
1637 1427 1731 1462 diae
1762 1429 1918 1464 refitorie

343 1497 386 1530 de
406 1496 505 1544 Buyt
526 1508 681 1531 vnacum
709 1508 855 1531 camera
878 1501 914 1531 et
933 1501 1013 1531 orto
1033 1495 1130 1531 disto
1158 1495 1314 1543 collegio
1334 1494 1497 1531 similiter
1517 1495 1698 1542 contiguis
1717 1496 1859 1542 eritque
1879 1496 1916 1531 in

343 1569 453 1600 cantu
472 1570 507 1600 et
527 1565 693 1601 discantu
720 1565 859 1612 peritus
886 1570 922 1600 et
944 1565 1069 1600 dmitus
1089 1585 1095 1592 ·
1117 1564 1277 1607 Quintus
1304 1563 1571 1610 prebendarius
1590 1563 1651 1610 qui
1670 1563 1918 1600 intitulabitur

342 1633 386 1668 de
407 1632 505 1680 Buyt
526 1632 668 1675 Quarto
687 1645 754 1680 pro
774 1632 836 1668 sua
855 1632 1121 1668 sustentacione
1147 1631 1296 1667 habebit
1315 1644 1424 1666 vnam
1448 1631 1601 1667 alteram
1620 1631 1755 1667 sextam
1774 1638 1916 1679 partem

342 1702 504 1737 omnium
523 1707 559 1737 et
578 1701 802 1749 singulorum
821 1701 1003 1736 frufiwum
1030 1700 1186 1736 refilmrie
1211 1701 1255 1735 de
1275 1699 1375 1748 Buyt
1394 1700 1576 1736 antedifioe
1596 1713 1750 1735 vnacun]
1772 1713 1918 1736 camera

342 1777 377 1805 et
396 1776 476 1805 orto
497 1776 536 1805 ut
555 1770 663 1817 supra
689 1769 853 1805 fimiliter
881 1776 920 1805 ut
947 1769 1010 1805 alii
1036 1768 1271 1816 prebendarii
1299 1768 1442 1814 eritque
1466 1768 1503 1802 in
1530 1773 1640 1803 cantu
1660 1768 1915 1815 qualificatus-

345 1838 474 1874 Sextus
492 1838 756 1886 prebendarius
775 1838 837 1885 qui
864 1838 1109 1874 intitulabitur
1135 1837 1179 1872 de
1199 1836 1298 1884 Buyt
1319 1835 1459 1878 Quinto
1485 1848 1553 1882 pro
1573 1836 1635 1871 sua
1652 1836 1917 1872 sustentacione

342 1906 491 1942 habebit
518 1906 670 1942 alteram
698 1906 833 1941 sextam
866 1911 1008 1953 partem
1037 1905 1198 1940 omnium
1226 1905 1409 1940 frufituum
1437 1904 1532 1939 di&e
1567 1904 1723 1939 refitorie
1753 1905 1798 1939 de
1818 1904 1916 1952 Buyt

344 1987 502 2009 vnacum
531 1987 675 2009 camera
702 1979 738 2009 et
766 1979 847 2009 orto
875 1974 1018 2020 eritque
1045 1973 1083 2008 in
1112 1978 1222 2008 cantu
1248 1972 1478 2019 qualificatus
1506 1978 1545 2007 ut
1571 1973 1680 2019 supra
1701 1992 1709 2000 -
1734 1971 1916 2021 Septimus

343 2042 606 2089 prebendarius
642 2042 703 2089 qui
742 2041 989 2077 intitulabitur
1020 2042 1065 2076 de
1096 2041 1196 2088 Buyt
1229 2039 1340 2076 Sexto
1372 2040 1521 2075 habebit
1546 2052 1615 2087 pro
1648 2041 1711 2075 sua
1741 2040 1914 2077 sustenta-

343 2110 448 2145 cione
467 2123 575 2145 vnam
594 2110 729 2146 sextam
748 2116 890 2158 partem
910 2111 1005 2145 diste
1032 2109 1187 2145 refflmrie
1207 2109 1251 2143 de
1272 2107 1371 2156 Buyt
1398 2120 1481 2143 cum
1501 2120 1647 2144 camera
1665 2114 1702 2143 et
1720 2116 1798 2144 orto
1818 2110 1915 2156 apud

344 2177 531 2213 ecclesiam
560 2178 791 2225 collegiatam
821 2178 965 2225 eritque
997 2178 1035 2212 in
1065 2183 1174 2212 cantu
1207 2176 1436 2223 qualificatus
1466 2181 1505 2211 ut
1536 2175 1643 2223 supra
1673 2177 1913 2224 exprimitur-

346 2245 507 2281 Oetauus
541 2246 807 2291 prebendarius
843 2246 904 2293 qui
944 2245 1190 2281 intitulabitur
1221 2244 1343 2280 Insule
1377 2244 1509 2280 San&e
1541 2244 1732 2280 Triduane
1767 2245 1914 2280 habebit

344 2325 410 2358 pro
440 2313 501 2348 sua
531 2313 796 2349 sustentacione
828 2316 907 2348 oao
939 2314 1051 2349 libras
1083 2313 1195 2349 annui
1223 2313 1388 2348 redditus
1409 2312 1544 2360 Operis
1564 2313 1712 2360 Regalis
1741 2313 1785 2347 de
1805 2312 1912 2348 Leith

346 2380 542 2415 secundum
561 2387 724 2417 tenorem
754 2382 1026 2418 euidenciarum
1055 2382 1208 2429 desuper
1235 2381 1480 2416 confefitarum
1509 2394 1551 2416 ac
1577 2381 1691 2416 eciam
1711 2387 1784 2416 tres
1802 2380 1914 2416 libras

347 2449 405 2481 sex
426 2447 555 2482 solidos
582 2454 618 2484 et
646 2451 725 2484 οθεο
753 2450 922 2485 denarios
950 2451 1061 2485 annui
1087 2449 1252 2485 redditus
1279 2455 1463 2485 certorum
1491 2454 1781 2484 tenementorum
1810 2448 1913 2484 fitua-
