2147 2964
277 1835 298 1865 3

362 301 432 338 278
730 296 908 333 CARTE
936 294 1191 332 ECCLESIE
1219 294 1561 332 COLLEGIATE

362 407 434 433 tam
454 398 574 433 subtus
594 403 693 432 terra
712 408 819 443 quam
841 396 948 442 supra
965 400 1102 430 terram
1122 394 1250 441 procul
1269 403 1305 430 et
1323 406 1438 441 prope
1457 395 1503 430 ad
1521 395 1704 442 predictas
1723 395 1813 430 duas
1832 408 1935 431 acras

361 473 542 502 terrarum
564 478 644 501 curn
664 463 902 512 pertinenciis
921 462 1162 511 spectantibus
1183 462 1242 497 seu
1270 461 1359 497 iuste
1382 463 1542 509 speetare
1562 462 1768 498 valentibus
1788 476 1936 510 quomo-

362 535 500 570 dolibet
518 534 555 569 in
576 534 737 569 futurum
760 533 876 568 libere
904 531 1025 578 quiete
1044 530 1210 579 plenarie
1237 530 1381 577 integre
1401 530 1603 566 honorifice
1624 531 1715 566 bene
1735 538 1770 566 et
1790 531 1827 566 in
1846 543 1935 577 paee

362 604 435 639 tine
462 602 724 650 impedimento
754 600 997 636 reuocaeione
1029 604 1091 634 aut
1127 598 1425 634 contradiccioue
1461 611 1691 646 quacumque
1717 622 1724 629 -
1748 599 1935 635 Faciendo

363 672 446 707 inde
464 670 617 718 predicti
634 670 795 704 decanus
815 668 995 715 capellani
1024 666 1257 715 prebendarii
1284 671 1320 701 et
1341 679 1466 701 eorum
1487 666 1703 702 successores
1723 667 1934 703 oracionum

363 739 534 786 suffragia
561 739 776 773 deuotarum
805 748 871 784 pro
898 735 1011 770 salute
1040 734 1243 770 animarum
1270 734 1519 781 predio-„orum
1547 735 1730 781 quondam
1758 735 1872 783 patris
1900 742 1936 771 et

363 807 490 843 matris
516 805 723 842 nostrorum
751 817 905 851 quorum
934 803 1123 838 animabus
1150 802 1377 850 propicietur
1396 801 1498 837 Deus
1525 812 1562 838 et
1585 815 1653 850 pro
1672 803 1766 838 statu
1785 809 1821 839 et
1839 804 1935 850 pros-

363 876 519 924 peritate
547 874 658 909 nostri
689 879 724 909 et
756 872 896 920 prefate
929 871 1049 906 nostre
1086 870 1262 906 cariffime
1300 871 1477 906 consortis
1507 871 1635 919 regine
1667 878 1703 907 et
1730 871 1935 907 nostrorum

365 943 601 980 successorum
622 964 629 971 ·
650 954 793 977 necnon
820 940 989 976 faciendo
1017 939 1111 974 dieto
1130 939 1293 975 Johanni
1314 939 1464 987 Logane
1492 940 1537 974 de
1558 939 1741 987 Lestalrig
1766 940 1872 975 militi
1901 947 1937 976 et

365 1013 559 1048 heredibus
578 1011 649 1046 suis
667 1022 774 1045 vnum
795 1021 955 1044 annuum
976 1007 1159 1042 redditum
1179 1007 1331 1055 triginta
1350 1007 1409 1042 sex
1425 1008 1620 1043 solidorum
1643 1008 1771 1043 vsualis
1790 1014 1935 1044 monete

367 1081 468 1128 regni
488 1079 601 1115 nostri
624 1079 669 1114 de
697 1077 848 1125 prefatis
875 1076 1014 1111 duabus
1043 1075 1136 1110 acris
1164 1082 1345 1111 terrarum
1375 1075 1562 1111 annuatim
1587 1075 1784 1111 leuandum
1804 1083 1839 1112 et
1856 1090 1936 1124 per-

366 1149 575 1197 cipiendum
607 1148 654 1183 ad
685 1147 776 1181 duos
809 1144 947 1180 vsuales
974 1143 1060 1179 anni
1090 1143 1265 1178 terminos
1294 1142 1384 1178 festa
1415 1143 1585 1178 videlicet
1613 1143 1873 1180 Penthecostes
1901 1153 1937 1181 et

368 1218 492 1254 Sancti
532 1215 685 1252 Martini
722 1215 759 1249 in
796 1213 915 1248 hieme
952 1225 1018 1259 per
1057 1211 1204 1258 equales
1239 1211 1434 1258 porciones
1472 1216 1615 1246 tantum
1643 1231 1650 1239 ·
1679 1210 1722 1246 In
1752 1211 1855 1246 cuius
1883 1213 1937 1247 rei

365 1284 608 1323 testimonium
636 1282 795 1331 presenti
828 1286 928 1316 carte
960 1279 1081 1315 nostre
1111 1291 1284 1327 magnum
1317 1278 1473 1326 sigillum
1505 1278 1668 1314 nostrum
1697 1279 1830 1327 apponi
1857 1292 1938 1327 pre-

364 1355 526 1402 cepimus
554 1352 703 1388 testibus
734 1349 835 1398 [ete]
858 1348 955 1396 apud
974 1347 1193 1394 Edinburgh
1216 1347 1358 1382 decimo
1387 1352 1518 1394 quarto
1537 1346 1597 1382 die
1615 1346 1745 1382 menfis
1766 1347 1938 1384 Octobris

364 1436 460 1458 anno
483 1420 633 1457 Domini
665 1417 852 1454 millesimo
885 1415 1174 1464 quingentesimo
1204 1415 1396 1451 vndecimo
1426 1422 1462 1451 et
1493 1415 1599 1463 regni
1628 1415 1742 1451 nostri
1770 1416 1937 1452 vicefimo

365 1497 507 1540 quarto.

368 1696 479 1732 Carta
499 1691 792 1730 confirmacionis
812 1696 847 1726 et
866 1688 1186 1726 admortizacionis
1204 1687 1424 1735 [capellanie
1443 1687 1479 1722 in
1497 1687 1648 1723 ecclesia
1663 1689 1708 1724 de
1723 1689 1935 1737 Restalrig.]

363 1816 546 1869 -JAcosz
568 1829 638 1864 Dei
663 1828 790 1876 gracia
817 1839 881 1862 rex
910 1825 1103 1862 Scotorum
1133 1823 1298 1859 omnibus
1324 1824 1447 1872 probis
1475 1823 1684 1859 hominibus
1704 1825 1821 1861 tocius
1840 1831 1937 1861 terre

364 1902 422 1935 sue
443 1898 583 1934 clericis
603 1903 639 1933 et
657 1896 760 1932 laicis
779 1896 929 1931 salutem
949 1916 956 1923 ·
980 1893 1110 1929 Sciatis
1138 1905 1204 1927 nos
1232 1892 1268 1927 in
1297 1892 1443 1927 laudem
1463 1899 1499 1927 et
1518 1892 1695 1928 honorem
1718 1893 1789 1929 Dei
1811 1893 1938 1930 Omni-

365 1967 524 2015 potentis
543 1965 664 2002 Patris
683 1964 769 2000 Filii
789 1970 824 1999 et
846 1963 1004 2010 Spiritus
1026 1960 1150 1997 Sancti
1171 1966 1207 1996 et
1224 1959 1471 2008 gloriosissime
1486 1960 1655 2008 Virginis
1674 1961 1793 1997 Marie
1813 1963 1938 1998 matris

365 2038 424 2072 sue
452 2049 494 2071 ac
522 2034 683 2070 omnium
712 2033 915 2068 sanctorum
944 2030 1076 2066 ciuium
1107 2029 1344 2075 supernorum
1373 2028 1507 2063 dedisse
1535 2028 1739 2065 conceffiss'e
1766 2030 1937 2066 admorti-

366 2104 456 2140 zasse
484 2110 519 2139 et
549 2103 594 2138 ad
622 2114 766 2137 manum
797 2106 976 2136 mortuam
1004 2111 1071 2146 pro
1099 2102 1276 2145 perpetuo
1304 2096 1528 2132 confirmasse
1556 2103 1671 2132 totum
1698 2102 1734 2133 et
1752 2098 1934 2145 integrum

369 2186 476 2208 vnum
497 2184 656 2207 annuum
677 2170 861 2205 redditum
882 2167 1012 2216 viginti
1039 2167 1215 2201 librarum
1245 2164 1375 2199 vsualis
1402 2170 1548 2200 monete
1567 2166 1673 2213 regni
1690 2165 1804 2200 nostri
1823 2179 1936 2201 annu-

368 2241 453 2275 atim
470 2239 665 2274 leuandum
683 2244 719 2273 et
736 2236 1012 2285 percipiendum
1032 2235 1078 2270 ad
1095 2234 1185 2269 duos
1201 2232 1341 2268 vsuales
1359 2232 1446 2267 anni
1467 2233 1643 2268 terminos
1661 2233 1751 2269 festa
1767 2233 1936 2269 videlicet

369 2307 625 2343 Penthecostes
644 2312 678 2342 et
702 2305 823 2341 Sancti
843 2303 997 2340 Martini
1023 2303 1061 2338 in
1086 2301 1204 2337 hieme
1231 2313 1296 2348 per
1321 2301 1469 2347 equales
1495 2301 1689 2348 porciones
1716 2301 1761 2336 de
1789 2301 1872 2337 totis
1899 2308 1935 2337 et

369 2374 520 2420 integris
539 2373 672 2408 uostris
690 2386 800 2420 opere
820 2378 855 2408 et
874 2370 1026 2407 edificiis
1054 2382 1137 2405 eum
1164 2369 1234 2404 tuis
1261 2369 1392 2404 bondis
1416 2375 1452 2404 et
1478 2368 1715 2416 pertinenciis
1733 2368 1935 2405 iacentibus

371 2441 465 2475 infra
487 2440 605 2474 villam
631 2440 675 2475 de
695 2440 801 2475 Leith
830 2452 873 2475 ex
900 2445 1003 2486 parte
1031 2437 1179 2473 australi
1206 2449 1299 2483 aque
1327 2436 1485 2471 eiusdem
1513 2436 1560 2471 ad
1585 2436 1692 2471 finem
1722 2436 1934 2472 orientalem
