2147 2964
312 296 359 333 <36
609 289 927 330 REGISTRUM
953 288 1206 326 ECCLESIE
1235 286 1580 326 COLLEGIATE

312 395 443 430 solidos
473 396 553 428 ofto
582 390 753 427 denarios
784 390 823 425 in
854 389 940 425 villa
969 389 1014 425 de
1048 387 1280 437 Stramiglow
1306 401 1373 436 per
1399 399 1466 424 nos
1493 387 1619 436 postea
1643 387 1885 424 declarandos

311 467 418 510 prout
444 462 482 496 in
512 459 644 495 rentali
673 459 718 494 de
748 457 868 494 Soltre
894 457 1028 493 clarius
1056 457 1267 493 continetur
1294 462 1330 493 et
1356 456 1477 494 decim
1505 456 1635 492 solidos
1661 456 1706 492 de
1728 456 1884 503 quadam

313 530 398 565 villa
429 541 541 577 prope
573 526 792 563 Linlithcow
824 532 934 574 prout
969 525 1007 561 in
1037 524 1170 561 rentali
1202 524 1412 560 continetur
1444 530 1480 561 et
1511 524 1674 572 quinque
1704 530 1886 560 marcatas

312 606 492 634 terrarum
521 597 566 633 de
595 594 886 632 Browderstanis
915 601 951 631 et
978 594 1023 630 de
1042 592 1233 630 Gilestoun
1260 592 1358 629 infra
1384 593 1586 629 dominium
1615 593 1660 628 de
1682 592 1803 629 Soltre
1822 605 1888 640 per

312 680 377 703 nos
397 680 478 703 cum
498 666 568 701 suis
591 665 769 701 limitibus
795 663 963 700 terminis
982 669 1018 699 et
1036 662 1167 698 bondis
1194 661 1452 710 specificandas
1471 683 1478 691 ·
1498 661 1560 709 qui
1581 660 1753 709 magister
1772 660 1889 708 hospi-

313 736 395 772 talis
413 734 560 771 habebit
578 733 725 782 plenam
746 731 1022 780 disposicionem
1042 731 1205 766 omnium
1225 730 1409 766 fructuum
1429 730 1600 778 hospitali
1615 737 1652 766 et
1665 729 1888 777 pauperibus

313 804 465 840 inferius
484 802 793 851 designandorum
820 813 886 850 pro
906 800 1107 836 eorundem
1135 799 1402 835 sustentacione
1427 798 1704 834 limitandorum
1724 798 1771 834 fic
1791 798 1889 845 quod

312 873 464 921 prouide
484 878 519 907 et
538 871 742 919 prudenter
761 870 930 905 omnibus
949 875 986 905 et
1004 868 1201 915 vnicuique
1229 868 1267 903 in
1293 867 1440 915 singulis
1464 866 1672 903 necessariis
1691 867 1890 902 secundum

314 942 435 978 Deum
455 947 490 977 et
516 941 649 975 bonam
679 938 946 975 conscienciam
971 944 1007 974 et
1031 937 1214 973 frufituum
1235 935 1429 971 facultates
1447 935 1643 983 prouideat
1660 935 1716 970 bis
1735 934 1774 970 in
1794 947 1891 970 anno

314 1009 493 1058 preposito
513 1015 549 1044 et
568 1007 730 1055 capitulo
758 1007 805 1043 ad
828 1007 919 1042 duos
947 1005 1034 1042 anni
1061 1005 1237 1041 terminos
1256 1003 1516 1040 Penthecostes
1536 1010 1573 1040 et
1593 1003 1716 1040 Sancti
1736 1003 1892 1040 Martini

315 1079 352 1114 in
377 1078 497 1114 hieme
526 1083 562 1113 et
589 1076 670 1112 aliis
695 1075 921 1123 temporibus
943 1075 966 1110 si
993 1073 1183 1110 necessitas
1210 1073 1248 1109 id
1276 1073 1432 1121 exigerit
1459 1079 1669 1121 computum
1695 1072 1892 1121 prestando

315 1154 350 1183 et
369 1146 557 1183 reddendo
571 1166 578 1173 ·
599 1144 790 1182 Secundus
805 1143 1071 1192 prebendarius
1086 1141 1166 1190 post
1181 1141 1402 1190 prepositum
1421 1141 1517 1191 [qui]
1540 1142 1729 1177 vocabitur
1747 1142 1894 1178 sacrista

315 1216 463 1252 habebit
482 1228 549 1263 pro
575 1215 638 1250 sua
665 1213 933 1250 sustentacione
961 1212 1124 1260 quinque
1151 1217 1333 1247 marcatas
1360 1216 1543 1247 terrarum
1571 1211 1608 1246 in
1632 1211 1720 1246 villa
1746 1211 1791 1247 de
1811 1210 1892 1247 Hill

316 1285 413 1320 infra
439 1284 641 1319 dominium
670 1283 715 1318 de
735 1282 943 1318 Ballernow
971 1287 1006 1316 et
1034 1280 1198 1328 quinque
1224 1286 1407 1317 marcatas
1434 1285 1616 1316 terrarum
1636 1280 1682 1315 de
1701 1279 1894 1316 Browder·

317 1354 424 1389 stanis
449 1352 518 1403 [et]
551 1353 596 1388 de
626 1351 774 1388 Gilston
806 1350 960 1386 dominii
990 1350 1035 1386 de
1067 1348 1188 1385 Soltre
1219 1361 1284 1397 per
1314 1361 1381 1384 nos
1411 1348 1623 1385 limitandas
1653 1355 1691 1385 vt
1719 1349 1827 1397 supra
1858 1357 1894 1386 et

319 1429 484 1471 quartam
520 1427 662 1470 partem
699 1421 881 1456 fruetuum
926 1418 1081 1455 metor-ie
1117 1418 1162 1454 de
1201 1416 1567 1454 Strathichinmartin
1604 1439 1611 1446 ·
1648 1417 1711 1465 qui
1746 1418 1896 1454 sacrista

318 1492 464 1527 habebit
499 1491 644 1539 plenam
676 1488 951 1536 disposicionem
988 1486 1151 1523 omnium
1187 1487 1370 1522 fruetuum
1403 1485 1557 1522 inferius
1588 1486 1894 1534 designandorum

322 1559 573 1595 communitati
593 1564 628 1594 et
648 1557 809 1605 capitulo
828 1556 1101 1604 pertinencium
1128 1568 1195 1603 pro
1214 1555 1421 1592 necessariis
1441 1555 1636 1591 cotidianis
1655 1554 1805 1591 ecclesie
1823 1555 1895 1591 col-

322 1629 455 1676 legiate
476 1627 807 1676 comparandorum
826 1631 862 1661 et
880 1624 1188 1673 disponendorum
1213 1646 1220 1653 ·
1240 1624 1301 1672 qui
1328 1624 1460 1660 reddet
1485 1629 1693 1672 computum
1712 1624 1895 1671 preposito

324 1703 359 1732 et
372 1695 623 1744 prebendariis
637 1700 767 1741 quater
782 1694 819 1729 in
836 1706 932 1729 anno
948 1693 985 1728 iu
1000 1699 1158 1740 quatuor
1173 1692 1328 1729 sabbatis
1345 1692 1515 1736 Quatuor
1528 1692 1755 1740 Temporum
1771 1698 1807 1728 et
1821 1705 1895 1728 non

324 1764 548 1813 comparabit
575 1763 739 1812 preciosa
767 1762 923 1810 negocia
951 1761 1017 1797 nisi
1048 1773 1131 1797 cum
1160 1760 1310 1796 consilio
1336 1760 1509 1808 prepositi
1538 1766 1575 1796 et
1604 1760 1753 1809 capituli
1780 1760 1896 1796 custo-

325 1835 470 1881 dietque
490 1831 678 1869 ecclesiam
698 1831 734 1866 in
755 1830 852 1866 omni
870 1829 1059 1865 honestate
1079 1833 1296 1864 ornamenta
1314 1828 1472 1864 eiusdem
1490 1828 1621 1864 iocalia
1639 1834 1674 1864 et
1694 1828 1777 1864 vasa
1795 1829 1897 1864 sacra

326 1902 482 1938 seruabit
509 1912 704 1949 campanas
730 1898 887 1947 pulsabit
914 1898 1039 1934 vinum
1065 1909 1197 1945 panem
1225 1902 1262 1932 et
1287 1895 1484 1932 luminaria
1507 1896 1728 1932 ministrabit
1752 1896 1896 1944 aliaque

327 1970 510 2006 exercebit
539 1982 609 2017 que
639 1969 684 2004 de
717 1966 978 2004 consuetudine
1008 1965 1184 2002 laudabili
1213 1970 1250 2000 et
1280 1965 1472 2001 obseruata
1500 1965 1537 2000 in
1565 1965 1646 2001 aliis
1672 1964 1832 2001 ecclesiis
1851 1966 1898 2001 ad

327 2039 482 2074 officium
501 2037 646 2074 sacriste
664 2036 850 2085 pertinere
869 2033 1108 2070 dinoscuntur
1126 2054 1133 2061 ·
1154 2033 1310 2069 Tercius
1332 2033 1598 2082 prebendarius
1624 2033 1686 2081 qui
1706 2033 1898 2069 vocabitur

328 2106 587 2154 prebendarius
612 2105 657 2140 de
677 2102 968 2140 Browdcrstanis
993 2102 1143 2138 habebit
1166 2114 1233 2150 pro
1253 2101 1314 2138 sua
1331 2102 1520 2150 prebenda
1538 2103 1698 2149 quinque
1717 2109 1898 2138 marcatas

328 2183 507 2210 terrarum
525 2174 569 2209 de
589 2172 879 2209 Browderstanis
899 2177 935 2207 et
955 2170 1126 2208 Gilstoun
1149 2170 1360 2206 limitandas
1378 2183 1444 2218 per
1463 2183 1529 2206 nos
1547 2176 1583 2206 et
1601 2170 1710 2206 aliam
1729 2176 1897 2217 quartam

329 2250 469 2289 partein
487 2243 668 2278 fruc-tuum
690 2241 845 2277 ream-ie
870 2241 915 2276 de
945 2239 1310 2277 Strathichinmartin
1335 2239 1517 2275 anteditte
1535 2261 1543 2268 ·
1564 2237 1727 2281 Quartus
1745 2238 1898 2285 preben—

333 2312 453 2346 darius
479 2312 541 2358 qui
573 2311 817 2346 intitulabitur
847 2308 1113 2358 prebendarius
1142 2308 1187 2344 de
1217 2307 1525 2344 Strachinmartin
1556 2306 1706 2343 habebit
1737 2305 1898 2353 quinque

333 2385 511 2413 marcatas
538 2385 717 2414 terrarum
746 2379 790 2414 de
819 2376 1107 2413 Browderstanis
1135 2382 1171 2412 et
1198 2376 1243 2412 de
1264 2375 1436 2412 Gilstoun
1464 2387 1531 2423 per
1548 2387 1615 2410 nos
1633 2373 1843 2410 limitandas
1863 2381 1898 2409 et

336 2446 496 2481 vltimam
524 2453 688 2493 quartani
721 2445 892 2494 [partem]
923 2445 1106 2481 frufituum
1142 2445 1297 2481 refitorie
1326 2445 1371 2481 de
1405 2443 1767 2482 Strathichinmartin
1799 2449 1897 2478 ante-
