2147 2964
237 2267 275 2297 ll

342 320 384 350 84
643 312 959 350 REGISTRUM
986 313 1242 350 ECCLESIE
1271 314 1340 351 CO
1348 314 1618 351 LLEGIATE

342 414 430 449 tidie
458 426 538 449 cum
567 413 756 461 dispositus
784 414 895 450 fuerit
923 413 1059 449 missam
1088 414 1288 450 celebrabit
1315 414 1451 450 ibidem
1479 427 1546 462 pro
1574 414 1669 450 statu
1697 412 1918 449 illustriffimi

342 483 438 530 regis
465 482 579 516 nostri
606 481 739 517 Jacobi
767 482 889 529 quarti
918 488 954 518 et
977 482 1065 517 dicti
1093 483 1165 519 mei
1192 482 1355 530 magistri
1382 482 1566 518 Johannis
1594 483 1719 531 Brady
1747 480 1920 530 prepositi

342 563 448 598 quem
463 550 558 585 idem
576 548 724 586 habebit
743 550 781 585 in
800 550 978 586 memoria
997 551 1094 586 omni
1114 551 1214 587 missa
1233 564 1315 587 cum
1334 551 1486 587 colle&a
1505 551 1635 587 adhoc
1654 550 1917 586 conueniente-

341 619 494 667 Insuper
519 619 684 654 volumus
712 620 810 666 quod
838 619 953 655 diuus
981 620 1149 655 dominus
1176 619 1368 655 Johannes
1392 619 1532 668 Fyldar
1560 625 1596 655 et
1623 618 1675 654 sui
1703 618 1919 654 successores

341 701 407 736 pro
425 688 530 724 nobis
548 688 690 735 prefato
709 687 880 734 magistro
900 687 1072 723 Johanne
1100 688 1283 736 preposito
1307 688 1412 724 binas
1441 688 1702 724 ebdomidatim
1730 686 1849 722 missas
1873 687 1918 722 de

343 758 476 793 saneto
495 757 635 804 Spiritu
649 757 820 792 videlicet
835 762 966 804 quarta
983 763 1018 793 et
1037 757 1136 793 sexta
1155 757 1256 792 feriis
1276 758 1351 793 vita
1369 757 1474 793 nobis
1494 757 1627 793 comite
1644 757 1804 793 celebret
1820 776 1826 782 ·
1840 756 1918 803 post

341 833 494 862 mortem
523 825 683 861 nostram
711 832 746 861 et
773 825 952 861 decessum
980 826 1075 862 idem
1101 826 1270 861 dominus
1288 826 1480 862 Johannes
1499 826 1639 874 Fyldar
1659 831 1694 861 et
1713 825 1765 860 sui
1784 824 1919 860 succes-

341 896 437 930 sores
453 894 632 942 capellani
653 895 697 929 de
715 893 837 930 Soltra
855 907 923 941 pro
942 895 1047 930 nobis
1066 900 1102 930 et
1121 893 1376 930 successoribus
1395 895 1528 930 nostris
1547 894 1740 942 prepositis
1758 894 1917 929 celebret

340 965 378 999 in
407 964 539 999 eisdem
571 963 666 999 binis
701 963 802 998 feriis
838 963 1101 999 ebdomidatim
1138 964 1407 1011 imperpetuum
1436 962 1555 998 missas
1587 963 1649 998 De
1680 964 1803 1009 requie
1835 975 1916 998 cum

341 1033 494 1068 Placebo
521 1037 556 1067 et
585 1032 722 1079 Dirige
749 1031 859 1066 trium
887 1031 1092 1067 leccionum
1116 1053 1122 1060 ·
1145 1032 1416 1079 Quamquidem
1449 1031 1692 1079 capellaniam
1721 1032 1766 1066 de
1797 1030 1918 1067 Soltra

341 1101 486 1136 nouiter
516 1102 671 1135 crc&am
703 1112 785 1135 cum
818 1100 984 1135 omnibus
1016 1100 1086 1135 suis
1116 1100 1257 1135 iuribus
1289 1100 1397 1136 terris
1429 1099 1561 1135 annuis
1590 1100 1794 1135 redditibus
1822 1099 1918 1135 acris

342 1169 508 1204 domibus
529 1169 618 1204 ortis
637 1173 672 1203 et
691 1168 867 1203 clericatu
894 1168 1098 1215 parochiali
1126 1168 1297 1216 proficuis
1325 1168 1504 1204 fructibus
1533 1168 1737 1204 redditibus
1765 1168 1918 1216 possessi-

342 1238 470 1273 onibus
490 1244 526 1273 et
545 1236 800 1272 emolumentis
819 1236 1024 1272 asiamentis
1052 1236 1281 1272 libertatibus
1304 1236 1623 1272 commoditatibus
1643 1237 1919 1284 quibuscunque

341 1307 508 1342 volumus
539 1305 718 1352 prefatum
751 1305 938 1340 dominum
958 1304 1169 1340 Johannem
1200 1303 1340 1352 Fyldar
1370 1304 1602 1351 capellanum
1632 1305 1677 1340 de
1709 1304 1831 1341 Soltra
1857 1305 1919 1340 fibi

341 1374 501 1422 aplicare
519 1374 558 1408 in
577 1372 802 1420 proprietate
823 1378 939 1408 terras
959 1372 1120 1408 affedare
1144 1372 1266 1407 firmas
1292 1372 1417 1407 leuare
1436 1372 1576 1407 frufflzus
1596 1373 1782 1408 vniuersos
1800 1374 1919 1420 perci-

340 1456 427 1490 pere
442 1448 478 1478 et
492 1442 607 1477 libere
622 1441 727 1488 super
743 1441 877 1476 eisdem
892 1440 1084 1487 disponere
1105 1453 1187 1476 culn
1203 1440 1376 1476 consensu
1394 1440 1568 1488 prepositi
1583 1441 1811 1477 alienacione
1828 1442 1917 1477 dun-

339 1518 440 1548 taxat
459 1516 614 1558 excepta
632 1516 668 1546 et
695 1509 949 1557 superioritate
978 1516 1014 1546 et
1039 1510 1245 1545 donacione
1273 1511 1433 1545 omnium
1462 1509 1567 1545 nobis
1595 1515 1631 1545 et
1660 1509 1918 1546 successoribus

338 1581 471 1617 nostris
498 1578 689 1628 prepositis
718 1579 903 1615 reseruata
930 1585 966 1615 et
996 1584 1176 1626 excepta·
1197 1577 1242 1614 In
1268 1578 1372 1614 cuius
1399 1578 1454 1614 rei
1483 1578 1731 1614 testimonium
1762 1577 1916 1625 sigillum

338 1649 501 1685 nostrum
519 1648 605 1684 huic
623 1647 784 1696 presenti
803 1653 904 1683 carte
923 1647 1046 1682 nostre
1074 1647 1126 1682 est
1155 1647 1354 1694 appensum
1381 1647 1479 1694 apud
1497 1646 1699 1694 p1·edi‹5tum
1721 1646 1916 1694 collegium

341 1719 472 1755 SanSte
493 1716 686 1752 Trinitatis
714 1717 812 1751 sexto
834 1716 893 1751 die
920 1715 1049 1751 mensis
1067 1715 1173 1751 Junii
1201 1728 1298 1750 anno
1318 1715 1469 1750 Domini
1496 1714 1683 1750 millesimo
1703 1715 1916 1762 quingente-

338 1788 424 1823 fimo
452 1786 644 1822 vndecimo
672 1797 795 1820 coram
823 1784 892 1820 hiis
920 1784 1067 1820 testibus
1094 1783 1265 1819 videlicet
1286 1783 1474 1819 Willelmo
1502 1782 1657 1830 Murray
1680 1783 1725 1817 de
1746 1782 1915 1818 Toucha-

338 1857 421 1892 dam
440 1855 611 1903 magistro
631 1853 815 1889 Michaele
842 1853 887 1888 de
906 1852 1007 1888 Lacu
1035 1853 1174 1888 decano
1194 1852 1278 1887 difiti
1299 1851 1441 1899 collegii
1460 1851 1602 1886 Jacobo
1622 1850 1746 1898 Brady
1766 1851 1914 1885 domino

339 1925 500 1960 Roberto
536 1923 661 1971 Brady
697 1923 843 1958 Joanne
878 1921 1023 1969 Joffray
1059 1920 1257 1968 capellanis
1293 1926 1329 1956 et
1365 1920 1520 1955 Andrea
1556 1918 1796 1954 Sandelandis
1831 1932 1913 1955 cum

340 1993 461 2029 multis
481 1992 571 2028 aliis.

343 2142 581 2189 [Preceptum
600 2141 732 2177 Jacobi
752 2140 882 2186 Wod.]

343 2249 601 2302 Pnncmm-UM
632 2265 743 2300 sasine
773 2264 964 2300 coniun&e
994 2263 1256 2299 infeodaeionis
1289 2262 1412 2298 datum
1432 2260 1572 2297 Jacobo
1592 2260 1691 2295 Wod
1719 2260 1839 2296 incole
1868 2262 1913 2296 de

346 2334 468 2370 Leitht
486 2340 522 2370 et
539 2334 565 2370 J
568 2339 674 2370 onete
698 2333 815 2381 Mugy
843 2332 971 2380 sponse
999 2332 1060 2367 sue
1090 2332 1134 2367 de
1164 2337 1263 2367 terra
1289 2329 1489 2378 posteriore
1516 2334 1552 2363 et
1579 2327 1729 2364 edificiis
1756 2328 1913 2365 eiusdem

346 2403 547 2438 iacentibus
574 2403 611 2438 in
632 2403 718 2438 villa
740 2403 785 2437 de
805 2401 928 2437 Leitht
955 2414 1000 2436 ex
1025 2406 1131 2448 parte
1159 2398 1306 2436 australi
1334 2410 1427 2445 aque
1455 2396 1610 2432 eiusdem
1639 2396 1677 2431 in
1695 2396 1850 2432 baronia
1868 2399 1913 2433 de

348 2470 530 2517 Restalrig
559 2477 594 2506 et
622 2470 839 2506 vicecomitu
868 2470 912 2505 de
940 2468 1156 2505 Edinburch
1185 2468 1282 2503 inter
1311 2473 1447 2502 terram
1474 2464 1652 2500 Willelmi
1682 2464 1836 2513 Todryk
1870 2480 1914 2503 ex
