2147 2964
519 288 732 326 SANCTE
760 289 1079 326 TRINITATIS
1107 289 1178 325 DE
1206 289 1541 325 EDINBURGH.
1747 289 1816 326 165

242 385 289 421 Et
308 399 373 435 pro
395 400 466 423 vna
486 389 593 424 vncia
611 402 692 424 cum
713 394 844 436 quarta
870 395 974 436 parte
997 390 1100 425 vncic
1121 389 1221 425 serici
1248 389 1409 424 sutabilis
1429 401 1495 436 pro
1516 401 1632 436 cappa
1651 389 1814 436 precium

241 456 346 491 vncie
367 470 427 493 vs.
456 458 594 493 summa
614 458 689 493 vis.
718 458 756 493 iii
769 458 803 492 d.
850 458 899 493 Et
926 471 992 505 pro
1020 458 1159 493 duabus
1186 457 1278 492 vlnis
1298 458 1343 492 de
1362 457 1393 492 le
1412 469 1547 492 ommes
1566 457 1672 492 altari
1693 456 1811 493 Sanaeti

242 524 393 572 Georgii
414 526 479 561 iis.
517 526 609 561 Item
629 539 696 573 pro
712 526 909 574 ltemmyng
928 527 1004 561 and
1020 526 1198 561 latclzettis
1213 526 1295 560 vid.
1332 525 1422 560 Item
1445 538 1510 572 pro
1530 525 1669 561 factura
1689 526 1813 561 vltime

241 606 356 641 cappe
377 607 423 628 xx
436 607 463 629 s.
511 594 604 629 Item
623 607 688 641 pro
709 594 849 629 faftura
868 595 912 629 de
935 595 965 629 le
979 594 1159 641 frontalis
1178 606 1238 628 vs.
1287 593 1334 628 Et
1353 606 1419 640 pro
1440 593 1588 641 flngulis
1608 593 1813 629 necessariis

239 661 338 696 circa
356 674 508 708 cappam
532 661 605 696 vis.
628 661 660 696 vi
675 662 709 696 d.
764 661 812 697 Et
831 674 897 708 pro
916 662 1015 697 ealce
1035 669 1071 697 et
1091 662 1213 697 sabulo
1233 668 1269 698 ct
1287 662 1495 697 laboratore
1515 662 1629 697 sabuli
1649 668 1684 697 et
1704 662 1813 697 calcis

240 743 259 764 v
274 730 308 765 li.
331 730 432 766 viiis.
452 731 523 766 xd.
578 730 670 766 Item
701 743 768 777 pro
797 731 913 766 tribus
941 731 1117 765 duodenis
1145 730 1189 764 de
1217 730 1248 765 le
1275 730 1450 765 racltteris
1477 735 1512 764 et
1535 730 1747 777 portacione
1768 731 1812 766 dc

238 798 330 833 Leth
359 800 446 833 xxix
460 811 483 833 s.
532 798 580 833 Et
605 811 672 845 pro
700 799 841 833 factura
868 799 991 834 tumbe
1011 804 1047 834 ct
1066 798 1231 834 clausum
1257 798 1457 833 communis
1477 803 1512 833 et
1532 799 1811 845 coopertacione

237 866 369 902 latrine
389 873 424 902 et
444 866 562 902 ianuis
581 873 618 902 et
637 866 942 902 circumferencia
961 873 1065 914 porte
1091 880 1186 902 noue
1206 866 1374 901 flexibilis
1394 879 1414 901 v
1428 880 1454 901 s.
1475 866 1528 901 iiii
1542 867 1577 901 d.
1630 866 1723 902 Item
1745 880 1811 914 pro

236 935 452 982 lesolckattis
464 934 644 982 sepulture
653 934 850 970 Dominice
864 940 900 971 et
911 935 1026 970 tribus
1039 936 1217 983 lefparris
1228 940 1263 970 et
1278 935 1309 969 le
1324 934 1502 969 raclztaris
1513 947 1657 970 necnon
1670 935 1812 982 pi&ura

236 1010 272 1040 et
291 1004 370 1040 aliis
390 1003 540 1052 singulis
559 1005 591 1040 le
615 1005 743 1040 bandis
768 1004 933 1039 clausure
952 1004 1054 1039 xvis.
1102 1003 1195 1039 Item
1215 1004 1363 1039 domino
1385 1003 1528 1038 Thome
1548 1003 1725 1039 Watsoun
1745 1017 1811 1052 pro

235 1073 400 1108 terminis
416 1072 676 1109 Penthecostes
696 1079 732 1109 et
751 1072 874 1109 Sancti
892 1073 1045 1109 Martini
1066 1073 1110 1108 de
1130 1085 1226 1107 anno
1242 1071 1394 1107 Domini
1413 1072 1446 1106 i¹¹¹
1463 1076 1495 1106 vc
1510 1072 1701 1108 vndecimo
1720 1073 1759 1108 iii
1773 1074 1809 1109 li.

236 1143 310 1177 vis.
332 1142 442 1177 viiid.
497 1142 544 1177 Et
565 1142 751 1177 Willelmo
771 1141 984 1190 Dalglisehe
1012 1154 1079 1189 pro
1098 1141 1206 1176 feodo
1233 1141 1473 1176 terminorum
1495 1141 1755 1178 Penthecostes
1775 1150 1810 1179 et

238 1211 361 1246 sancti
382 1210 536 1246 Martini
564 1211 602 1245 in
630 1211 758 1246 eodem
787 1223 884 1245 anno
906 1223 924 1245 v
938 1210 976 1245 li.
1024 1209 1072 1245 Et
1095 1210 1244 1245 domino
1267 1209 1453 1245 Willelmo
1473 1209 1657 1246 VVischert
1676 1211 1720 1246 de
1741 1217 1810 1247 ter-

234 1280 342 1314 minis
362 1278 620 1314 Penthecostes
649 1285 685 1314 et
712 1278 834 1314 Sancti
863 1278 1017 1314 Martini
1046 1278 1083 1313 in
1109 1278 1236 1313 eodem
1266 1291 1363 1313 anno
1391 1284 1426 1313 et
1453 1278 1523 1314 hoc
1551 1292 1615 1326 pre
1644 1280 1809 1316 manibus

236 1347 332 1382 viili.
353 1360 376 1382 x
389 1360 416 1382 s.
458 1346 550 1382 Item
571 1359 638 1394 pro
658 1347 695 1381 iic
713 1347 895 1394 lapidibus
914 1347 960 1382 ad
980 1347 1189 1382 faciendum
1208 1359 1352 1381 murum
1373 1347 1472 1382 circa
1487 1346 1673 1382 ecclesiam
1694 1361 1809 1385 xxxs.

236 1415 329 1451 Item
348 1428 414 1463 pro
434 1416 492 1451 sex
512 1415 543 1451 le
562 1415 685 1451 crulcz's
705 1415 822 1450 ianuis
841 1415 987 1450 nouiter
1006 1414 1193 1450 fabricatis
1214 1427 1234 1449 v
1247 1427 1272 1448 s.
1327 1414 1419 1449 Item
1440 1427 1505 1462 pro
1521 1414 1661 1450 duobus
1681 1416 1713 1451 le
1731 1417 1810 1451 cod-

235 1486 289 1520 dis
309 1497 374 1531 pro
394 1483 569 1519 altaribus
590 1483 687 1518 viiis.
709 1483 744 1518 vi
756 1483 791 1518 d.
839 1483 933 1518 Item
961 1496 1027 1530 pro
1046 1482 1227 1530 lapidibus
1252 1483 1284 1517 le
1309 1482 1558 1530 ⁷7tonylzezybz's
1577 1488 1612 1518 et
1631 1485 1756 1530 qslarv's
1774 1492 1809 1520 et

236 1566 307 1588 vno
340 1553 371 1587 le
405 1552 530 1587 riddz'll
559 1557 594 1586 et
626 1551 840 1598 portacione
867 1551 1030 1599 lapidum
1058 1550 1182 1585 xxxvii
1198 1563 1225 1585 s.
1256 1550 1304 1585 vii
1317 1550 1352 1585 d.
1405 1549 1498 1585 Item
1531 1550 1712 1586 vitriatori
1743 1565 1808 1600 pro

235 1621 497 1657 emendacione
525 1620 765 1655 fenestrarum
796 1619 915 1655 xiiiis.
944 1620 1031 1654 iiid.
1086 1618 1178 1654 Item
1206 1631 1273 1665 pro
1301 1618 1424 1665 legina
1449 1618 1593 1653 seruifie
1615 1624 1650 1654 et
1669 1619 1809 1656 duobus

235 1690 388 1737 panibus
407 1689 444 1724 in
463 1688 625 1735 exequiis
652 1688 868 1723 fundatricis
888 1694 923 1723 et
943 1687 1178 1723 correccione
1198 1687 1357 1723 clauium
1377 1694 1412 1723 et
1431 1687 1612 1735 ligacione
1632 1688 1807 1724 librorum

235 1758 321 1795 xviii
334 1771 363 1793 s.
409 1757 458 1793 Et
475 1756 539 1792 fibi
559 1756 785 1803 compotanti
805 1770 852 1792 xv
866 1769 893 1792 s.
914 1770 937 1792 x
950 1756 982 1791 d.

334 1826 483 1862 Summa
501 1825 736 1873 expensarum
756 1824 834 1859 lxiii
849 1824 885 1859 li.
906 1837 969 1859 xs.
986 1829 1022 1858 et
1041 1823 1088 1858 fic
1108 1836 1151 1858 ex
1171 1823 1396 1858 auisamento
1416 1823 1586 1871 prepositi
1604 1829 1640 1859 et
1656 1825 1809 1872 preben-

386 1894 572 1929 dariorum
601 1893 772 1940 legantur
790 1893 828 1928 in
849 1892 1014 1927 manibus
1034 1890 1211 1926 Willelmi
1231 1890 1394 1926 Bothuill
1423 1891 1609 1939 burgensis
1629 1892 1674 1927 de
1695 1892 1809 1928 Edin-

382 1961 500 2009 burgh
520 1961 582 1997 viii
594 1961 630 1996 li.
650 1974 672 1996 x
686 1974 713 1996 S.
734 1961 781 1996 ad
799 1961 994 1996 emendum
1014 1972 1165 2007 cappam
1186 1959 1306 1994 albam
1326 1972 1392 2006 pro
1412 1959 1586 1995 Domina.

288 2029 493 2065 MAfflsTER
506 2028 570 2064 Jo.
586 2028 721 2064 Bmmr
735 2029 937 2077 prepositus
952 2041 1063 2064 manu
1077 2027 1249 2063 JACOBUS
1270 2026 1465 2062 CHAUMAR
1484 2040 1594 2063 manu
1612 2029 1760 2076 propria

334 2097 483 2146 propria
1075 2096 1282 2131 Ronanus
1303 2094 1428 2141 Brady
1446 2108 1556 2130 manu
1575 2097 1725 2144 propria

288 2165 494 2202 MAGISTER
513 2164 698 2201 Mmfflnt
718 2177 766 2200 m:
787 2165 891 2201 LAcu
917 2165 1022 2201 deca·
1076 2163 1205 2199 DAum
1227 2163 1375 2199 Osrrum
1396 2176 1505 2199 manu
1524 2165 1672 2212 propria

335 2247 403 2270 nus
422 2246 532 2269 manu
550 2233 700 2281 propria
1075 2231 1242 2268 Tnoms
1264 2231 1460 2267 WATSOUN
1482 2245 1591 2267 manu
1610 2235 1757 2281 propria

288 2302 492 2338 HEchus
530 2301 846 2337 HADDINGTOUNE
889 2313 997 2336 manu
1076 2300 1283 2336 PArmcms
1304 2300 1390 2335 Rssn
1410 2313 1518 2336 manu
1537 2301 1685 2349 propria

335 2369 484 2418 propria
1076 2368 1317 2404 Wumssmuus
1332 2368 1512 2405 ΤΕΜΡιω,
1526 2382 1636 2405 manu
1648 2369 1809 2418 propria.
