2147 2964
324 295 369 331 τι)
619 283 933 323 REGISTRUM
962 282 1216 320 ECCLESIE
1245 281 1586 320 COLLEGIATE

324 391 465 438 punais
484 387 654 424 membris
678 393 713 422 et
738 383 904 421 articulis
933 395 999 431 per
1019 382 1174 419 vestram
1202 381 1470 418 solicitudinem
1498 379 1691 429 pastoralis
1715 379 1825 416 officii
1853 380 1899 414 ad

324 459 490 495 offertum
510 455 673 492 debitum
700 452 956 501 perducendas
986 451 1190 498 approbare
1218 450 1402 486 ratificare
1429 456 1466 485 et
1493 449 1711 485 confirmare
1731 447 1899 496 dignare-

324 527 413 563 mini
439 525 566 574 gracia
592 523 765 572 speciali·
784 521 829 557 In
858 520 961 557 cuius
992 519 1046 555 rei
1074 519 1319 555 testimonium
1350 530 1523 566 magnum
1556 517 1712 565 sigillum
1738 516 1900 552 nostrum

324 595 549 644 presentibus
569 592 621 628 est
640 591 838 640 appensum
864 588 1013 626 testibus
1040 588 1246 624 reuerendo
1275 587 1314 622 in
1341 585 1487 623 Christo
1512 591 1618 634 patre
1638 585 1793 621 Andrea
1812 585 1902 632 epis-

325 677 417 712 copo
439 660 652 710 Glasguensi
672 659 873 696 venerabili
892 664 997 706 patre
1018 657 1183 693 Henrico
1203 656 1334 692 abbate
1354 656 1399 691 de
1419 655 1561 691 Passeto
1579 654 1734 690 Andrea
1752 653 1901 689 domino

327 731 521 768 Avondale
551 728 772 766 cancellario
804 726 933 764 Scocie
962 725 1133 774 Georgio‘
1155 726 1289 762 comite
1318 725 1481 774 Angusie
1508 724 1725 760 Alexandro
1753 723 1901 759 domino

327 802 588 849 Montgomery
620 805 656 834 et
690 798 837 834 Joanne
869 796 944 831 Ros
981 796 1026 830 de
1059 794 1250 830 Halkheid
1285 794 1401 830 milite
1433 793 1531 841 apud
1560 793 1696 829 Perthe
1728 791 1902 840 vigesimo

327 871 454 919 quinto
474 870 533 905 die
553 867 682 904 mensis
702 865 837 903 Marcii
864 877 960 900 anno
978 863 1131 899 Domini
1159 862 1349 898 millesimo
1375 861 1734 910 quadringentesimo
1758 861 1902 908 sexage-

329 940 414 975 simo
434 938 591 975 secundo
611 958 618 965 ·
639 936 741 972 PosT
762 933 1065 982 quarumquidem
1092 932 1282 968 literarum
1310 930 1562 979 premissarum
1587 929 1902 978 presentacionem

330 1016 365 1044 et
390 1006 646 1054 recepcionem
674 1017 742 1051 pro
766 1009 871 1051 parte
891 1001 983 1037 diere
1008 1000 1240 1036 illustriflime
1268 999 1475 1048 principisse
1497 999 1603 1034 nobis
1628 999 1697 1034 fuit
1714 997 1904 1033 humiliter

331 1076 542 1124 suplicatum
571 1078 749 1121 quatenus
776 1069 882 1119 ipsius
910 1068 1055 1116 collegii
1082 1068 1341 1104 fundacionem
1370 1068 1600 1105 dotacionem
1628 1066 1903 1102 ordinacionem

330 1143 605 1192 disposicionem
633 1140 846 1176 diuisionem
874 1145 910 1174 et
937 1137 1232 1173 distribucionem
1261 1136 1307 1173 fic
1333 1143 1371 1173 vt
1397 1137 1622 1185 premittitur
1641 1136 1752 1171 saetas
1771 1136 1809 1171 in
1830 1147 1903 1170 om-

331 1214 435 1248 nibus
467 1210 631 1248 articulis
662 1208 806 1257 punfitis
838 1213 874 1243 et
904 1205 1076 1242 membris
1112 1206 1236 1242 nostra
1268 1206 1440 1254 pastorali
1475 1205 1690 1242 auctoritate
1722 1204 1905 1240 ratificare

330 1281 535 1330 approbare
572 1284 608 1315 et
643 1277 860 1314 confirmare
896 1275 1133 1323 dignaremur
1165 1294 1172 1301 -
1204 1274 1284 1309 Nos
1319 1286 1405 1309 vero
1441 1273 1605 1309 Jacobus
1643 1272 1906 1309 Sanaiandree

331 1350 517 1398 episcopus
554 1346 779 1394 supradietus
814 1344 925 1392 ipsius
961 1341 1259 1379 excellentiflime
1293 1341 1501 1390 principiffe
1537 1347 1573 1377 et
1605 1341 1750 1376 domine
1786 1340 1907 1375 nostre

331 1418 474 1455 deuotis
504 1416 672 1466 precibus
704 1420 739 1449 et
768 1413 837 1461 piis
869 1411 1037 1448 inclinati
1069 1410 1257 1446 desideriis
1287 1411 1333 1446 ad
1360 1410 1434 1446 Dei
1460 1409 1734 1458 Omnipotentis
1760 1409 1906 1444 laudem

331 1495 367 1524 et
395 1487 571 1522 honorem
604 1490 640 1519 et
674 1487 888 1531 perpetuam
923 1480 1128 1515 animarum
1165 1479 1411 1527 predffimrum
1441 1478 1656 1514 memoriam
1688 1483 1725 1513 et
1756 1477 1906 1513 salutem

331 1562 475 1591 matura
505 1551 777 1589 deliberacione
806 1556 842 1585 et
872 1548 1048 1596 solempni
1080 1549 1236 1583 &aetatu
1269 1560 1350 1584 cum
1379 1547 1501 1595 priore
1529 1553 1564 1583 et
1592 1547 1754 1594 capitulo
1785 1546 1907 1582 nostre

333 1623 482 1660 ecclesie
515 1622 551 1657 in
582 1621 716 1657 talibus
748 1618 873 1655 arduis
901 1616 982 1652 fieri
1011 1616 1124 1652 solitis
1156 1616 1358 1663 prehabitis
1388 1616 1567 1664 prefatam
1597 1615 1743 1663 collegii
1777 1615 1908 1651 Sancte

335 1691 529 1729 Trinitatis
557 1702 670 1739 prope
700 1688 958 1734 Edinburgum
994 1685 1104 1733 ipsius
1139 1684 1371 1720 illustriffime
1406 1683 1614 1732 principisse
1648 1683 1908 1719 fundacionem

335 1761 564 1797 dotacionem
593 1757 867 1793 ordinacionem
886 1761 922 1791 et
941 1754 1215 1803 disposicionem
1235 1765 1278 1788 ac
1299 1752 1510 1788 reddituum
1538 1758 1719 1787 terrarum
1743 1751 1910 1787 ecclesia-

336 1843 416 1866 rum
435 1836 471 1865 et
489 1829 670 1864 fruetuum
689 1825 888 1862 earundem
914 1823 1138 1859 donaciones
1165 1820 1410 1857 conceffiones
1438 1820 1695 1856 ordinaciones
1714 1818 1910 1855 diuisiones

337 1897 617 1934 distribuciones
649 1895 758 1931 modo
789 1900 825 1929 et
856 1893 974 1928 forma
1009 1891 1140 1939 quibus
1175 1889 1401 1938 premittitur
1429 1889 1541 1924 factas
1571 1888 1609 1924 in
1641 1888 1808 1924 omnibus
1839 1888 1910 1924 suis

338 1966 481 2015 punctis
510 1963 681 2001 membris
712 1969 748 1998 et
783 1961 948 1998 articulis
982 1960 1021 1995 in
1053 1958 1238 1995 vberrima
1266 1958 1383 1993 forma
1413 1970 1483 2005 que
1518 1969 1586 2005 per
1619 1957 1910 2005 iurisperitorum

339 2034 576 2083 prudenciam
604 2030 806 2079 excogitari
833 2028 968 2078 poterit
995 2041 1059 2077 pro
1086 2026 1191 2063 nobis
1218 2032 1255 2062 et
1280 2025 1539 2062 successoribus
1566 2025 1698 2061 nostris
1723 2025 1911 2073 perpetuis

341 2103 472 2139 futuris
490 2101 713 2148 temporibus
737 2112 819 2135 cum
847 2097 1022 2134 consensu
1049 2102 1086 2132 et
1112 2095 1247 2131 assensu
1274 2094 1437 2143 expresso
1464 2094 1577 2130 nostri
1604 2094 1754 2141 capituli
1781 2106 1912 2142 appro-

343 2172 468 2207 bamus
486 2169 709 2206 ratificamus
729 2173 765 2204 et
785 2167 1042 2203 confirmamus
1060 2164 1169 2200 saluis
1187 2164 1292 2200 nobis
1311 2170 1347 2200 et
1366 2163 1621 2200 successoribus
1640 2162 1771 2198 nostris
1790 2163 1912 2198 obedi-

343 2241 448 2275 encia
462 2245 497 2275 et
512 2237 766 2274 iurisdiccione
786 2249 829 2272 ac
849 2234 927 2271 aliis
945 2234 1086 2270 iuribus
1101 2232 1295 2268 ordinariis
1315 2231 1574 2281 episcopalibus
1587 2237 1623 2267 et
1638 2230 1913 2267 archidiacona-

343 2309 436 2343 libus
449 2307 551 2342 nobis
564 2307 608 2341 de
622 2306 701 2341 iure
713 2303 896 2341 communi
909 2308 993 2339 ante
1006 2301 1209 2338 huiusmodi
1222 2301 1509 2337 annexacionem
1523 2299 1655 2336 debitis
1667 2305 1703 2335 et
1716 2299 1912 2335 consuetis-

347 2375 390 2410 In
410 2374 511 2410 cuius
531 2374 584 2409 rei
603 2372 848 2409 testimonium
867 2370 1023 2419 sigillum
1042 2370 1204 2405 nostrum
1231 2369 1476 2405 au&enticum
1503 2380 1658 2404 vnacum
1686 2367 1800 2415 sigillo
1820 2380 1914 2403 com-

348 2442 445 2478 muni
466 2442 614 2489 capituli
634 2440 747 2476 nostri
772 2439 1000 2488 presentibus
1019 2438 1072 2474 est
1089 2437 1284 2486 appensum
1311 2436 1409 2485 apud
1429 2434 1779 2472 Sanaumandream
1797 2435 1915 2482 primo
