2147 2964
329 275 376 306 44
789 268 1103 306 REGISTRUM
1131 269 1437 306 CARTARUM

330 369 497 417 Kynglas
517 374 552 404 et
571 368 616 403 de
635 367 861 416 Philpistoun
881 368 946 403 Ew
967 381 1047 404 cum
1075 369 1243 404 omnibus
1272 368 1342 404 suis
1359 368 1596 416 pertinenciis
1615 374 1651 404 et
1670 368 1902 416 ayfiamentis

329 439 376 473 ad
402 438 534 472 difflzm
561 442 697 472 terram
724 437 968 484 spe&antibus
989 456 998 464 ·
1016 437 1234 472 Tenendam
1262 442 1298 472 et
1324 437 1530 472 habendam
1559 437 1655 472 di6to
1684 436 1837 472 Matheo
1865 443 1900 472 et

329 507 524 542 heredibus
550 506 621 541 suis
647 506 820 552 predictis
845 506 936 541 adeo
963 506 1079 541 libere
1106 505 1270 553 plenarie
1297 511 1334 541 et
1360 505 1560 541 honorifice
1588 504 1676 540 ficut
1695 510 1796 540 carte
1815 504 1902 540 inde

330 575 494 610 confeae
521 574 665 622 plenius
687 574 725 609 in
748 574 783 609 se
810 579 1026 622 proportant
1053 580 1115 609 aut
1142 574 1321 609 testantur
1339 594 1347 601 ·
1365 573 1570 609 Reddendo
1597 573 1683 609 inde
1711 572 1901 608 annuatim

330 643 415 679 (11ἃὶ
436 643 608 679 Matheus
636 648 671 679 et
697 642 852 678 heredes
879 643 931 678 sui
958 642 1203 690 prenominati
1231 643 1357 678 decem
1380 642 1512 678 solidos
1539 642 1586 677 ad
1613 643 1703 677 duos
1727 642 1902 678 terminos

330 712 502 748 videlicet
529 712 576 747 ad
593 711 838 747 Pentecosten
864 711 1098 747 medietatem
1122 717 1159 747 et
1185 711 1232 746 ad
1251 711 1378 746 festum
1400 710 1522 747 83ῃὸὶὶ
1543 710 1695 746 Martini
1715 710 1750 745 in
1770 710 1902 758 hyeme

328 780 493 828 proxime
521 780 672 827 sequens
700 779 808 814 aliam
835 779 1067 815 medietatem
1094 778 1168 814 fine
1196 779 1318 826 aliqua
1343 779 1541 815 exaccione
1561 778 1822 814 consuetudine
1842 778 1902 814 seu

331 848 513 884 demanda
537 867 546 875 ·
573 847 622 882 Et
650 846 675 882 fi
705 847 896 894 contingat
926 847 1137 895 magistrum
1170 847 1215 883 de
1249 847 1370 884 Soltre
1403 847 1461 883 vel
1493 848 1570 883 eius
1602 852 1825 883 attornatum
1855 847 1902 881 ad

331 917 478 952 domum
497 915 582 951 dieti
598 914 740 950 Mathei
756 915 883 951 venire
901 915 1041 950 firmam
1061 916 1159 951 suam
1175 916 1363 962 querendo
1379 921 1415 951 et
1428 916 1587 963 petendo
1602 915 1716 950 dietus
1732 914 1903 950 Matheus

332 992 367 1021 et
384 985 539 1021 heredes
558 984 610 1020 sui
629 983 819 1019 inuenient
838 983 902 1019 fibi
925 983 1228 1019 sustentacionem
1256 983 1444 1019 honestam
1464 983 1648 1030 quousque
1667 982 1903 1018 satiffecerint

332 1054 383 1089 eis
403 1054 448 1089 de
468 1054 564 1088 dieta
581 1053 687 1087 firma
705 1058 779 1087 tam
798 1052 837 1087 in
856 1057 933 1087 toto
953 1064 1061 1099 quam
1088 1052 1126 1087 in
1151 1057 1255 1099 parte
1275 1051 1349 1087 fine
1368 1051 1492 1099 aliqua
1511 1050 1808 1087 contradiccione
1827 1072 1834 1079 ·
1855 1049 1904 1086 Et

331 1122 486 1170 predisti
504 1121 676 1169 magister
695 1127 731 1156 et
751 1126 954 1156 conuentus
972 1126 1085 1156 totam
1103 1126 1237 1156 terram
1256 1120 1457 1168 predictam
1477 1132 1558 1155 cum
1577 1119 1648 1155 suis
1665 1118 1904 1166 pertinenciis

334 1197 371 1227 vt
402 1191 606 1238 prediaum
638 1189 689 1225 est
716 1189 880 1236 prediao
909 1188 1061 1224 Matheo
1093 1194 1128 1224 et
1158 1188 1354 1224 heredibus
1384 1188 1454 1223 suis
1485 1187 1746 1235 prenominatis
1776 1194 1906 1223 contra

333 1272 459 1296 omnes
486 1259 651 1294 homines
681 1263 717 1293 et
748 1257 901 1293 feminas
935 1256 1224 1292 warantizabunt
1256 1257 1518 1303 acquietabunt
1549 1262 1585 1291 et
1616 1256 1815 1291 defendent
1834 1275 1841 1282 -
1860 1255 1904 1290 In

334 1329 435 1364 cuius
454 1328 508 1364 rei
528 1326 774 1363 testimonium
792 1325 889 1373 parti
913 1325 1019 1360 huius
1039 1325 1259 1373 cyrographi
1279 1338 1391 1372 penes
1410 1325 1602 1360 Matheum
1621 1324 1792 1360 residenti
1812 1324 1906 1372 figil-

333 1398 405 1432 lum
426 1408 617 1432 commune
634 1395 761 1430 domus
781 1394 826 1429 de
844 1393 963 1429 Soltre
983 1394 1200 1441 appenditur
1219 1393 1324 1429 alteri
1344 1406 1431 1429 vero
1450 1393 1548 1441 parti
1566 1405 1678 1441 penes
1695 1392 1906 1440 magistrum

333 1474 368 1504 et
394 1468 526 1503 fratres
553 1465 759 1502 remanenti
788 1464 944 1513 figillum
973 1462 1114 1500 Mathei
1142 1475 1298 1497 vnacum
1327 1461 1444 1510 figillo
1472 1461 1791 1497 archidiaconatus
1811 1461 1907 1497 Lau-

333 1536 442 1571 donie
461 1536 512 1571 est
533 1535 728 1583 appensum
749 1546 846 1569 anno
865 1533 1080 1581 supradifito.

337 1684 450 1721 Carta
480 1683 578 1731 regis
609 1681 763 1719 Roberti
794 1681 839 1716 de
872 1679 1158 1716 confirmacione
1191 1684 1375 1715 cartarum
1406 1678 1503 1726 regis
1536 1677 1714 1714 Willelmi
1746 1683 1782 1712 et
1812 1677 1907 1725 regis

335 1752 551 1789 Alexandri.

339 1858 538 1915 Robertus
557 1874 631 1910 Dei
657 1873 782 1922 gracia
807 1884 873 1908 rex
893 1870 1103 1908 Scottorum
1132 1870 1298 1905 omnibus
1325 1870 1373 1905 ad
1394 1882 1484 1917 quos
1501 1870 1686 1918 presentes
1704 1868 1809 1904 litere
1828 1881 1909 1916 per—

340 1944 509 1980 uenerint
535 1943 685 1979 salutem
713 1963 720 1970 ·
752 1940 885 1977 Sciatis
914 1952 981 1975 nos
1009 1939 1180 1987 quasdam
1210 1942 1329 1973 cartas
1355 1938 1450 1972 bone
1476 1937 1651 1973 memorie
1679 1937 1908 1972 dominorum

339 2012 517 2048 Willehni
536 2017 572 2047 et
588 2009 792 2046 Alexandri
810 2009 885 2044 Dei
903 2008 1029 2056 gracia
1048 2019 1176 2055 regum
1198 2006 1405 2042 Scottorum
1423 2006 1683 2041 antecessorum
1703 2004 1908 2040 nostrorum

341 2094 414 2116 non
442 2080 596 2116 abolitas
622 2091 697 2114 non
727 2077 948 2114 cancellatas
974 2088 1044 2111 nee
1069 2075 1109 2110 in
1136 2074 1259 2122 aliqua
1282 2079 1388 2122 parte
1407 2074 1560 2110 viciatas
1585 2073 1758 2121 magistro
1785 2079 1819 2109 et
1839 2073 1910 2109 fra-

343 2149 458 2184 tribus
483 2147 670 2195 hospitalis
699 2146 830 2183 San&e
859 2143 1052 2180 Trinitatis
1080 2144 1125 2179 de
1155 2142 1275 2179 Soltre
1302 2143 1341 2178 in
1367 2141 1487 2178 verbis
1509 2141 1806 2188 subsequentibus
1825 2154 1909 2177 con—

344 2217 456 2251 fetsstas
481 2238 488 2245 ·
508 2215 716 2251 VVillelmus
733 2213 807 2250 Dei
833 2212 959 2261 gracia
987 2225 1053 2247 rex
1082 2211 1291 2248 Scottorum
1314 2209 1399 2258 [etc.
1419 2214 1459 2245 ut
1477 2209 1584 2257 supra
1605 2208 1678 2244 No.
1698 2208 1751 2256 7.]
1772 2228 1780 2236 ·
1798 2208 1911 2245 Alex-

346 2284 459 2318 ander
476 2283 549 2319 Dei
576 2283 700 2331 gracia
725 2295 790 2318 rex
811 2281 1020 2318 Scottorum
1047 2279 1213 2315 omnibus
1238 2278 1362 2326 probis
1384 2277 1592 2313 hominibus
1610 2276 1680 2311 suis
1699 2289 1743 2312 ex
1762 2277 1910 2312 australi

346 2357 450 2398 parte
475 2352 585 2387 maris
614 2350 823 2387 Scottorum
849 2349 1001 2385 salutem
1020 2370 1028 2377 -
1050 2347 1182 2385 Sciatis
1209 2359 1275 2382 nos
1303 2346 1466 2382 caritatis
1491 2345 1627 2380 intuitu
1653 2344 1856 2381 concefliss'e
1875 2352 1911 2381 et

347 2419 416 2455 hac
434 2419 592 2466 presenti
619 2426 721 2455 carta
746 2418 870 2454 nostra
896 2416 1121 2454 confirmasse
1138 2415 1222 2451 Deo
1249 2420 1286 2451 et
1306 2413 1436 2451 sanae
1456 2412 1652 2449 Trinitatis
1678 2412 1846 2460 hospitali
1865 2414 1911 2449 de
