2147 2964
347 284 416 316 1:32
648 280 965 318 REGISTRUM
993 279 1246 317 ECCLESIE
1275 278 1616 315 COLLEGLATE

234 446 278 474 ⁸53
343 433 607 486 LAUREN‘HUS
644 447 893 496 Clappertoun
929 446 1129 496 prepositus
1166 447 1334 483 canonici
1370 454 1406 482 et
1442 445 1677 493 prebendarii
1709 444 1917 480 concedunt

233 1340 277 1370 >⁷54

342 518 479 565 Agneti
508 517 641 553 Heriot
670 517 743 552 filie
771 523 805 552 et
832 516 961 551 heredi
989 517 1174 563 quondam
1201 515 1364 563 magistri
1394 515 1546 551 Roberti
1575 515 1709 550 Heriot
1737 514 1781 549 de
1801 512 1921 548 Eister

343 587 534 634 Lumphoy
556 592 591 621 et
609 586 752 621 Jacobo
771 585 897 621 Foulis
915 584 991 619 filio
1011 591 1045 620 et
1072 584 1199 620 heredi
1223 584 1415 632 apparenti
1435 583 1595 631 magistri
1619 582 1776 618 Henrici
1796 581 1921 617 Foulis

343 657 386 691 de
409 656 607 692 Colintoun
638 655 745 703 ipsius
764 654 920 702 Agnetis
948 654 1096 701 coniugi
1125 661 1160 690 et
1188 653 1384 688 heredibus
1412 652 1580 687 masculis
1600 652 1697 687 inter
1716 652 1810 698 ipsos
1830 650 1918 697 legi-

342 725 429 760 time
444 725 646 771 procreatis
662 724 792 771 quibus
807 723 1059 758 deficientibus
1074 722 1206 757 seniori
1226 722 1402 756 heredum
1417 721 1658 756 feminearum
1674 720 1807 766 absque
1825 719 1917 754 diui-

341 792 438 827 fione
458 793 588 839 quibus
615 793 709 828 forte
737 791 991 827 deficientibus
1019 791 1214 826 heredibus
1237 790 1396 837 Agnetis
1423 789 1698 836 quibuscunque
1727 796 1845 824 terras
1873 789 1918 823 de

342 861 460 896 Eister
480 861 685 909 Limphoye
705 873 787 896 cum
815 859 996 895 fortalicio
1024 859 1184 895 manerie
1211 865 1318 906 prato
1346 864 1382 893 et
1400 858 1633 906 pertinentiis
1663 857 1758 893 infra
1777 857 1920 892 viceco-

342 930 508 966 mitatum
541 929 585 964 de
617 928 857 964 Edinburch·
884 928 1103 975 quequidem
1136 927 1284 962 fuerunt
1315 927 1473 974 Agnetis
1505 927 1728 962 hereditarie
1761 934 1797 961 et
1829 939 1918 973 quas

342 998 541 1046 refignauit
560 1021 567 1028 ·
588 998 792 1033 Reddendo
811 997 1000 1032 annuatim
1024 999 1069 1031 14
1089 995 1200 1031 libras
1221 995 1351 1030 vsualis
1371 1002 1516 1030 monete
1536 1017 1542 1023 -
1565 995 1678 1042 Apud
1698 994 1917 1041 Edinburgh

299 1108 303 1112 ⁴
345 1071 360 1102 1
398 1066 621 1114 Septembris
655 1066 748 1101 1568
784 1078 906 1101 coram
941 1065 1086 1100 Adamo
1120 1063 1292 1098 Haldane
1325 1063 1540 1098 Alexandro
1573 1062 1743 1098 Franchc
1775 1062 1918 1098 Jacobo

344 1135 566 1183 Henrysoun
587 1134 731 1170 Thoma
753 1133 917 1169 Sinclare
938 1139 973 1169 et
991 1132 1163 1168 Johanne
1184 1132 1338 1180 Aytoun
1358 1131 1524 1167 notariis.

440 1204 498 1240 Ita
517 1204 567 1239 est
587 1203 777 1239 <Iohannes
794 1203 947 1251 Aytoun
967 1201 1144 1237 notarius.

345 1326 574 1380 MAG1smn
601 1340 791 1376 Johannes
819 1337 1035 1374 Leirmonth
1063 1338 1182 1372 rector
1211 1336 1256 1370 de
1275 1335 1423 1383 Gogare
1450 1348 1533 1370 cum
1561 1335 1734 1370 consensu
1760 1335 1919 1383 magistri

344 1409 535 1446 Laurentii
573 1408 826 1455 Clappertoun
862 1405 1034 1454 prepositi
1069 1413 1105 1440 et
1137 1405 1465 1452 prebendariorum
1499 1417 1540 1440 ac
1572 1404 1719 1452 patroni
1752 1404 1920 1440 coneedit

342 1477 564 1513 hereditarie
583 1476 748 1512 Johanni
770 1475 971 1512 Craufuird
998 1475 1036 1509 in
1066 1473 1202 1509 Nethir
1231 1473 1381 1521 Gogare
1409 1480 1445 1509 et
1463 1474 1606 1509 Jacobo
1628 1473 1829 1509 Craufuird
1857 1472 1919 1508 suo

343 1547 417 1581 filio
437 1551 594 1593 quatuor
614 1557 717 1580 acras
745 1549 927 1579 terrarum
955 1541 1280 1578 ecclesiasticarum
1301 1542 1346 1577 de
1368 1542 1517 1591 Gogare
1545 1555 1627 1578 cum
1656 1542 1823 1577 domibus
1845 1542 1921 1577 edi-

344 1615 435 1650 ficiis
455 1621 491 1650 et
514 1614 631 1649 hortis
658 1613 857 1649 earundem
886 1624 975 1659 quas
1003 1611 1188 1657 quondam
1207 1610 1345 1646 Joneta
1363 1610 1534 1646 Diksoun
1555 1611 1681 1646 relicta
1699 1610 1917 1647 Archibaldi

347 1683 493 1718 Buri-ell
523 1682 607 1717 olim
638 1681 841 1728 occupabat
873 1692 1027 1727 quarum
1059 1679 1129 1714 due
1166 1692 1251 1714 acre
1287 1680 1408 1715 iacent
1441 1692 1486 1715 ex
1522 1679 1690 1714 orientali
1727 1679 1842 1714 latere
1874 1679 1919 1714 de

347 1751 631 1798 lcirkland-croft
648 1756 684 1785 et
703 1750 773 1785 alie
789 1749 860 1784 due
880 1761 964 1784 acre
983 1748 1106 1783 iacent
1124 1748 1162 1782 in
1181 1748 1341 1795 liesclzot
1354 1755 1483 1783 vocato
1503 1748 1561 1783 the
1580 1748 1713 1794 wolffo!
1731 1747 1776 1782 ad
1790 1747 1918 1782 borea—

347 1820 418 1855 lem
437 1820 546 1855 finem
567 1819 723 1854 eiusdem
745 1830 788 1853 ex
808 1816 978 1852 orientali
1006 1816 1120 1852 latere
1148 1815 1322 1851 torrentis
1349 1816 1394 1851 de
1416 1816 1564 1862 Gogare
1591 1828 1746 1850 vnacum
1772 1814 1916 1862 pastura

349 1889 458 1923 trium
492 1899 683 1923 vaccarum
715 1898 796 1921 cum
829 1884 983 1932 sequelis
1015 1896 1168 1931 quarum
1198 1884 1268 1919 due
1299 1883 1583 1931 pasturabuntur
1614 1883 1803 1919 annuatim
1836 1896 1915 1919 cum

349 1956 480 1992 ceteris
508 1955 725 1990 animalibus
751 1953 994 1988 firmariorum
1015 1952 1100 1987 ville
1120 1953 1165 1987 de
1184 1951 1332 2000 Gogare
1352 1958 1387 1987 et.
1415 1953 1524 1987 tertia
1544 1964 1626 1988 cum
1645 1951 1786 1987 catallis
1805 1964 1917 1998 quon·

350 2025 433 2060 dam
463 2024 620 2060 Joannis
654 2022 827 2058 Balfoure
863 2027 898 2057 et
934 2021 1011 2056 eius
1044 2020 1109 2056 filii
1141 2020 1239 2055 infra
1274 2020 1566 2056 vicecomitatum
1597 2020 1642 2055 de
1675 2019 1918 2067 Edinburgh-

352 2093 554 2128 Reddendo
603 2091 792 2127 annuatim
834 2093 856 2124 5
902 2101 1043 2124 marcas
1083 2087 1205 2123 Scotie
1241 2090 1435 2136 greffumis
1470 2094 1505 2123 et
1545 2088 1634 2123 alias
1679 2087 1847 2123 deuorias
1883 2096 1917 2122 et

352 2164 373 2195 2
402 2160 533 2195 solidos
563 2160 599 2195 in
630 2158 966 2207 augmentationem
995 2156 1146 2192 rentalis
1171 2177 1178 2185 ·
1202 2156 1315 2204 Apud
1341 2156 1559 2204 Edinburgh
1591 2159 1635 2191 12
1663 2155 1797 2191 Marcii
1825 2158 1919 2194 1570

354 2241 475 2263 coram
505 2228 691 2264 Richardo
721 2226 941 2274 Henrysoun
969 2225 1137 2272 burgensi
1164 2224 1309 2261 Dauide
1338 2224 1478 2273 Moyfie
1506 2231 1541 2260 et
1567 2224 1739 2260 Johanne
1765 2225 1918 2271 Aytoun

354 2305 509 2333 notario.

454 2364 509 2401 Ita
530 2364 581 2400 est
599 2363 788 2399 Johannes
809 2349 960 2411 Aytbun
980 2361 1155 2397 notarius.
