2147 2964
890 313 1182 350 DALKEITH.
1719 318 1813 352 cxvii

246 412 329 444 infra
351 412 548 454 parrochiam
570 411 697 443 ecclesie
721 411 924 453 parrochialis
945 412 984 444 de
1004 412 1153 444 Leswade
1174 415 1278 443 nostre
1300 412 1430 445 diocesis
1456 413 1588 445 sitarum
1613 415 1762 447 veraciter
1783 422 1815 447 ct

246 467 378 499 firmiter
400 467 600 509 concepimus
622 466 707 508 quod
729 470 868 499 castrum
890 467 1067 508 predictum
1089 471 1121 498 et
1144 467 1225 499 dicte
1242 466 1314 499 ville
1337 467 1376 499 de
1398 468 1551 500 Dalketht
1573 469 1612 501 de
1632 470 1660 501 le
1677 470 1761 502 Park
1776 471 1815 502 de

245 522 395 554 Ooldanis
416 521 515 553 Eistir
537 525 569 553 et
591 521 698 553 Vestir
723 526 755 553 et
784 522 1036 554 molendinorum
1062 522 1274 563 predictorum
1300 522 1333 554 in
1360 523 1475 564 quibus
1497 524 1620 566 copiosa
1643 526 1814 558 multitudo

244 577 352 618 populi
368 588 387 608 a
401 587 458 608 sua
473 575 602 608 ecclesia
617 576 805 617 parrochiali
821 577 860 608 de
876 576 1025 608 Leswade
1040 576 1201 608 antedicta
1215 577 1256 608 ad
1268 577 1330 609 duo
1346 578 1480 610 miliaria
1495 579 1614 612 distant
1630 581 1680 612 uel
1696 583 1814 614 eocirea

243 636 276 663 et
290 631 421 663 diuersis
437 635 615 672 temporum
637 630 818 663 intersticiis
840 631 917 663 dum
940 642 1018 663 aura
1033 631 1202 672 procellosa
1224 642 1278 663 seu
1299 635 1512 674 tempestuosa
1534 635 1673 667 extiterit
1688 642 1814 678 propter

243 686 357 718 nimias
371 696 528 728 aquarum
550 686 776 718 inundaciones
798 686 959 718 effluentes
979 690 1011 717 et
1033 686 1229 727 gurgitantes
1245 686 1278 718 in
1300 687 1431 719 flumine
1447 689 1618 730 vulgariter
1634 697 1814 734 nuncupato

243 742 270 773 le
286 741 354 773 Esk
369 741 451 773 inter
466 741 566 773 dictas
582 741 672 773 villas
694 744 832 773 castrum
857 745 890 773 et
915 741 1077 773 ecclesiam
1099 741 1139 772 de
1154 740 1302 773 Leswade
1324 743 1514 774 antedictam
1538 744 1735 779 decurrentes
1750 748 1813 779 ‹lic—

242 801 347 829 tarum
363 796 509 828 villarum
526 800 557 828 et
572 796 665 828 castri
686 796 785 828 incole
800 796 963 828 ecclesiam
979 796 1204 838 parrochialem
1222 797 1424 838 prescriptam
1440 798 1480 830 ad
1495 799 1676 832 diuinorum
1692 802 1814 834 cultum

242 852 390 893 obsequia
417 862 472 883 seu
496 852 628 884 seruicia
654 855 688 883 et
713 851 894 883 oracionum
919 851 1070 893 suffragia
1095 851 1128 882 in
1154 851 1263 883 eadem
1287 852 1473 885 celebranda
1495 865 1550 895 per
1576 855 1675 888 dictos
1699 857 1814 890 incolas

239 906 398 939 audienda
420 907 471 938 uel
493 906 533 939 ad
556 909 752 938 sacramenta
773 906 980 939 ecclesiastica
1001 906 1035 938 in
1057 906 1142 938 dicta
1164 906 1294 939 ecclesia
1315 908 1434 940 tociens
1456 910 1604 951 quociens
1619 922 1696 953 opus
1719 913 1814 946 fuerit

241 974 260 994 a
274 965 382 994 curato
397 961 536 994 eiusdem
560 961 739 1003 recipienda
754 961 880 993 visitare
902 972 965 993 non
980 966 1129 1003 poterunt
1141 962 1223 993 vnde
1238 962 1393 994 dictorum
1416 964 1589 997 incolarum
1601 967 1695 998 castri
1711 973 1742 999 et
1758 969 1814 999 vil-

240 1018 343 1049 larum
369 1016 666 1059 prenominaturum
688 1017 855 1049 animabus
882 1016 1076 1058 temporibus
1102 1016 1238 1049 euolutis
1268 1018 1380 1059 grauia
1402 1019 1541 1061 pericula
1563 1022 1764 1056 eminuerunt
1783 1030 1813 1056 et

241 1071 373 1104 forsitan
389 1076 592 1104 occurrerunt
606 1075 639 1104 et
653 1072 848 1114 temporibus
863 1072 1037 1114 profuturis
1052 1073 1223 1104 eorundem
1244 1073 1411 1106 animabus
1434 1075 1571 1108 eminere
1588 1088 1642 1109 seu
1658 1089 1814 1111 occurrere

239 1127 477 1170 quamplurima
492 1127 709 1169 experimenta
731 1138 785 1159 seu
804 1127 985 1159 discrimina
1007 1139 1047 1159 ex
1062 1138 1137 1160 casu
1153 1128 1283 1161 fortuito
1304 1129 1430 1162 euenire
1446 1134 1594 1172 poterunt
1611 1136 1644 1164 vt
1658 1133 1814 1166 dictarum

242 1183 389 1215 villarum
405 1188 437 1215 et
452 1182 546 1215 castri
560 1183 663 1215 incole
678 1183 768 1215 nobis
783 1182 1028 1215 lamentabiliter
1043 1188 1255 1224 exposuerunt
1268 1202 1273 1207 ·
1285 1188 1317 1216 et
1332 1184 1371 1216 ob
1387 1185 1420 1217 id
1435 1185 1467 1217 id
1479 1187 1562 1228 quod
1578 1187 1698 1220 fructus
1713 1190 1815 1221 reddi-

239 1242 292 1270 tus
317 1243 350 1270 et
376 1242 548 1280 prouentus
571 1239 685 1270 vicarie
708 1238 792 1271 dicte
819 1238 946 1270 ecclesie
968 1239 1006 1270 de
1029 1239 1159 1270 Leswad
1185 1239 1276 1271 nobis
1302 1239 1436 1272 fideliter
1462 1241 1648 1275 intimatum
1671 1249 1717 1276 est
1740 1246 1815 1276 satis

239 1294 358 1326 fertiles
374 1298 406 1326 et
421 1294 554 1336 pingues
569 1293 712 1326 existunt
726 1294 766 1325 ad
782 1294 1026 1326 sustentandum
1037 1297 1069 1326 et
1081 1295 1332 1335 supportandum
1348 1295 1428 1328 duos
1440 1296 1568 1329 vicarios
1583 1299 1624 1330 ad
1636 1299 1814 1332 ministran-

241 1349 319 1380 dum
335 1348 369 1380 in
391 1359 467 1380 cura
488 1349 571 1381 dicte
587 1349 701 1381 vicarie
717 1360 814 1380 vnum
833 1359 888 1390 pro
911 1348 1022 1380 ineolis
1045 1349 1274 1390 sepedictarum
1290 1350 1438 1382 villarum
1461 1357 1493 1383 et
1515 1353 1610 1385 castri
1631 1354 1664 1385 in
1686 1356 1816 1387 ecclesia

240 1404 406 1446 collegiata
422 1404 513 1436 Beati
529 1404 653 1436 Nicolai
668 1404 752 1436 infra
767 1404 886 1436 dictam
902 1404 1010 1435 villam
1025 1404 1086 1435 sita
1101 1404 1185 1445 apud
1201 1404 1300 1436 altare
1316 1405 1413 1437 Beate
1429 1407 1530 1439 Marie
1546 1408 1578 1439 in
1594 1410 1702 1441 eadem
1719 1412 1814 1442 eccle-

241 1459 289 1491 sia
303 1460 468 1501 collegiata
491 1460 645 1492 situatum
662 1464 694 1492 et
714 1459 813 1491 alium
838 1470 895 1501 pro
919 1459 1048 1501 reliquis
1071 1459 1284 1500 parrochianis
1304 1460 1387 1492 dicte
1407 1461 1535 1495 ecclesie
1558 1465 1760 1505 parrochialis
1775 1467 1814 1498 de

245 1514 392 1546 Leswade
400 1515 560 1547 antedicta
568 1515 654 1557 apud
664 1525 816 1556 magnum
826 1515 926 1546 altare
936 1514 1088 1546 eiusdem·
1100 1525 1195 1556 quare
1205 1515 1295 1547 nobis
1304 1515 1386 1548 dicte
1397 1516 1496 1549 incole
1506 1518 1651 1550 villarum
1664 1522 1813 1563 prescrip-

243 1573 349 1601 tarum
365 1573 396 1602 et
411 1570 503 1601 castri
517 1570 681 1602 humiliter
694 1570 783 1602 nobis
797 1569 1014 1611 supplicarunt
1026 1574 1181 1611 quatenus
1193 1581 1249 1602 nos
1264 1571 1450 1603 auctoritate
1463 1575 1567 1605 nostra
1578 1574 1736 1607 ordinaria
1751 1587 1815 1618 qua

243 1625 409 1667 fungimur
425 1625 456 1657 in
473 1626 534 1657 hac
548 1630 639 1667 parte
654 1626 694 1657 ob
709 1625 810 1657 diuini
834 1625 937 1657 cultus
960 1627 1167 1666 augmentum
1184 1635 1302 1657 necnon
1319 1626 1497 1659 animarum
1514 1639 1716 1669 personarum
1731 1631 1814 1663 infra

243 1681 343 1712 dictas
353 1680 443 1712 villas
458 1685 490 1712 et
505 1684 643 1712 castrum
655 1681 841 1722 degencium
853 1690 906 1711 seu
920 1679 1092 1722 profuturis
1103 1681 1298 1722 temporibus
1309 1682 1421 1723 degere
1433 1684 1614 1716 curancium
1626 1696 1680 1717 seu
1693 1688 1813 1719 contin-

243 1736 390 1777 gencium
401 1736 611 1767 saluacionem
622 1746 695 1767 cum
706 1736 744 1767 de
753 1746 849 1777 grege
858 1738 963 1767 nostro
976 1734 1123 1776 pastorali
1133 1736 1274 1768 existunt
1284 1737 1333 1768 uel
1343 1737 1475 1770 existere
1485 1744 1632 1780 poterunt
1641 1742 1813 1774 seecionem

243 1802 298 1822 seu
321 1791 509 1823 diuisionem
532 1791 615 1823 dicte
631 1791 732 1823 vicare
752 1790 977 1832 fructuumque
992 1790 1173 1822 reddituum
1190 1795 1222 1823 et
1237 1796 1449 1833 prouentuum
1465 1793 1603 1825 eiusdem
1620 1806 1675 1836 pro
1691 1797 1813 1829 duobus

245 1846 384 1878 viscariis
400 1857 461 1878 vno
476 1847 509 1877 in
525 1846 654 1878 ecclesia
669 1845 834 1887 collegiata
849 1845 1009 1877 antedicta
1030 1846 1116 1887 apud
1138 1846 1236 1878 altare
1253 1848 1347 1880 Beate
1364 1848 1464 1880 Marie
1480 1850 1687 1892 prescriptum
1703 1852 1812 1885 incolis

244 1901 400 1934 dictarum
418 1901 566 1933 villarum
581 1906 614 1933 et
628 1901 723 1933 castri
739 1901 849 1933 diuina
864 1901 1056 1933 celebraturo
1071 1904 1103 1933 et
1117 1902 1223 1933 omnia
1238 1908 1432 1934 sacramenta
1443 1904 1650 1938 ecclesiastica
1665 1910 1812 1949 tempori-

245 1957 304 1988 bus
319 1956 570 1998 quibuscumque
587 1956 758 1998 profuturis
776 1956 1008 1998 imperpetuum
1032 1956 1249 1989 ministratum
1264 1958 1325 1989 alio
1342 1969 1413 1990 vero
1432 1958 1466 1990 in
1482 1960 1609 1992 ecclesia
1624 1963 1811 2003 parrochiali

244 2012 425 2053 supradicta
439 2012 479 2043 de
494 2011 642 2043 Leswade
657 2016 689 2043 et
703 2011 780 2043 alibi
796 2011 877 2043 infra
892 2011 1009 2044 dictam
1024 2011 1221 2053 parrochiam
1238 2012 1364 2054 reliquis
1379 2015 1518 2055 personis
1534 2015 1616 2048 dicte
1631 2018 1756 2050 ecclesie
1772 2020 1811 2051 de

245 2067 376 2099 Leswad
389 2067 500 2098 diuina
521 2067 716 2099 celebraturo
738 2070 769 2098 et
791 2069 987 2098 sacramenta
1009 2066 1218 2099 ecclesiastica
1239 2067 1472 2109 imperpetuum
1489 2070 1706 2104 ministratum
1722 2074 1811 2106 iuxta

243 2123 414 2155 eorundem
437 2122 611 2154 incolarum
635 2121 900 2163 supplicacionem
927 2122 1026 2153 facere
1050 2132 1237 2154 curaremus
1294 2123 1360 2154 Nos
1386 2134 1457 2155 vero
1483 2126 1681 2159 attendentes
1702 2128 1809 2161 huius-

244 2178 330 2210 modi
345 2178 608 2219 supplicacionem
631 2177 696 2209 fore
712 2177 828 2208 iustam
852 2181 883 2208 et
905 2176 1021 2208 racioni
1044 2187 1211 2208 consonam
1227 2177 1315 2209 vobis
1331 2178 1481 2211 vniuersis
1497 2183 1528 2211 et
1550 2181 1682 2222 singulis
1704 2190 1810 2216 sancte

244 2234 354 2265 matris
369 2233 496 2265 ecclesie
512 2232 584 2264 filiis
599 2232 767 2264 antedictis
781 2232 822 2263 ad
837 2242 915 2273 quos
931 2235 1086 2272 presentes
1108 2231 1196 2264 litere
1212 2237 1315 2264 nostre
1336 2235 1535 2274 peruenerint
1550 2241 1661 2268 notum
1676 2237 1809 2271 facimus

244 2299 301 2330 per
315 2295 473 2330 presentes
488 2288 572 2330 quod
594 2287 741 2319 omnibus
763 2291 795 2318 et
817 2287 950 2328 singulis
972 2286 1119 2328 pretactis
1141 2298 1196 2329 per
1218 2298 1274 2319 nos
1296 2289 1425 2320 attentis
1441 2293 1472 2321 et
1493 2294 1616 2323 mature
1632 2303 1703 2324 cum
1720 2294 1809 2326 iuris—

244 2343 416 2386 peritorum
439 2343 568 2375 consilio
589 2342 719 2374 auisatis
742 2342 782 2373 ob
804 2342 905 2373 diuini
925 2341 1029 2373 cultus
1051 2345 1257 2384 augmentum
1283 2346 1314 2374 et
1337 2344 1516 2376 animarum
1538 2346 1687 2378 dominici
1711 2350 1807 2381 nostri

243 2399 348 2440 gregis
363 2399 574 2431 saluacionem
591 2409 630 2429 ex
645 2397 815 2429 autoritate
830 2407 884 2429 seu
900 2396 1001 2428 officio
1017 2397 1164 2439 pastorali
1186 2399 1364 2440 prescriptis
1386 2399 1558 2432 seccionem
1574 2405 1605 2434 et
1620 2402 1807 2437 diuisionem

243 2454 326 2486 dicte
340 2453 455 2485 vicarie
469 2454 694 2494 fructuumque
715 2452 896 2484 reddituum
914 2456 945 2484 et
967 2457 1179 2493 prouentuum
1195 2453 1333 2485 eiusdem
1350 2454 1472 2486 duobus
1487 2455 1610 2488 vicariis
1633 2457 1664 2488 in
1682 2459 1808 2493 ecclesia
