2147 2964
503 290 711 328 SANCTE
739 290 1056 328 TRINITATIS
1084 291 1154 327 DE
1181 291 1516 328 EDINBURGH.
1723 297 1792 333 193

208 387 394 433 sclzanlcz's
412 390 599 436 operariis.
652 390 745 426 Item
766 391 950 438 wlgariter
965 390 1034 437 sor
1052 390 1168 426 loklcis
1195 391 1321 425 bandis
1344 391 1421 425 keis
1442 392 1517 426 and
1534 391 1628 426 nolis
1646 398 1681 427 et
1701 391 1791 427 sinii-

223 455 316 491 libus
343 456 406 491 xix
418 469 446 491 s.
500 456 592 493 Item
609 459 677 505 Jbr
704 472 773 494 ane
800 458 934 494 mattolc
958 470 1019 493 vs.
1066 457 1158 493 Item
1186 463 1220 494 to
1251 458 1418 505 wryclttis
1447 460 1523 494 ancl
1534 460 1697 506 sato-aris
1729 472 1789 495 vs.

222 523 284 558 viii
298 523 330 558 d.
383 523 431 559 Et
458 524 586 560 eisdem
616 526 652 561 in
682 526 833 562 diuersis
859 525 1007 560 minutis
1033 538 1099 572 per
1127 531 1269 572 tempus
1297 526 1456 573 compoti
1485 539 1596 561 xxvs.
1617 527 1689 562 iid.
1743 527 1791 563 Et

225 590 327 626 soluti
347 591 494 626 domino
514 592 657 628 Thome
678 593 852 629 WVatsoun
881 606 947 640 pro
975 593 1082 628 feodo
1110 593 1171 628 suo
1199 594 1244 628 de
1271 593 1427 628 termino
1448 593 1707 630 Pentbecostes
1725 608 1790 642 per

222 665 363 705 tempus
390 660 548 706 compoti
575 661 732 696 xxxiiis.
755 661 807 696 iiii
820 661 855 696 d.
909 660 956 696 Et
984 661 1132 695 domino
1151 660 1292 695 Jacobo
1314 660 1449 708 Waldy
1468 673 1535 708 pro
1563 662 1634 696 suis
1660 662 1790 698 labori-

220 726 285 761 bus
304 726 341 760 in
360 726 538 761 vestibulo
557 727 656 762 circa
675 734 891 764 ornamenta
909 727 1058 764 ecclesie
1078 728 1114 763 xl
1128 740 1154 762 s.
1203 727 1251 764 Et
1270 728 1476 764 allocantui·
1496 731 1789 776 compotantibus

218 806 285 841 pro
304 806 430 829 eorum
449 793 635 830 laboribus
653 808 720 842 per
738 796 872 831 ᾰὶἃιιηι
893 801 1035 843 tempus
1054 795 1212 842 compoti
1232 795 1269 830 xl
1280 808 1307 831 s.
1352 795 1445 831 Item
1465 796 1600 832 clerico
1621 798 1789 833 scribenti

219 861 325 897 huius
345 862 504 909 compoti
526 875 546 897 v
559 875 587 898 s.

319 929 466 966 Summa
493 930 733 978 expensarum
761 931 892 967 lxxxiii
905 931 941 967 li.
964 932 1024 967 xvi
1038 945 1063 968 s.
1084 933 1156 968 iid.
1178 939 1213 969 et
1242 933 1289 969 fic
1315 934 1667 982 superexposuerunt
1697 948 1791 970 com-

363 1003 534 1046 potantes
553 999 591 1034 ix
602 999 641 1034 li.
662 999 729 1034 iis.
750 1011 774 1035 x
788 1000 824 1035 d.

265 1065 471 1102 MAolsTER
487 1066 694 1103 JOHANNES
715 1067 848 1103 Baim-
869 1081 997 1116 prepo·
1029 1069 1272 1105 ALEXANDER
1294 1069 1465 1105 PANlTAn
1485 1083 1594 1106 manu
1614 1071 1762 1118 propria

315 1134 400 1170 fitus
420 1135 567 1183 collegii
1030 1136 1197 1173 THOMAS
1220 1136 1334 1173 GULD
1354 1150 1463 1173 manu
1482 1139 1631 1186 propria

266 1201 472 1238 JOHANNES
492 1202 680 1238 LETHANE
701 1204 839 1251 scripsit
1028 1204 1200 1240 JACOBUS
1220 1204 1365 1241 WALDY
1386 1218 1496 1242 manu
1516 1207 1676 1254 propria.

266 1269 488 1306 MicHAEms
509 1270 669 1306 DYSART
689 1284 797 1307 manu
817 1272 965 1320 propria

220 1456 455 1510 COMPOTUM
492 1474 630 1508 domini
666 1474 842 1510 Willelmi
875 1475 1036 1522 Tempill
1073 1476 1275 1523 receptoris
1311 1477 1495 1513 firmarum
1534 1485 1714 1514 terrarum
1748 1480 1792 1515 de

219 1540 425 1589 Lumphoie
453 1554 598 1578 necnon
626 1542 736 1578 trium
764 1543 1002 1579 terminorum
1029 1544 1178 1579 ccclefie
1209 1545 1253 1580 de
1281 1545 1473 1593 Kirkgurd
1492 1547 1675 1582 redditum
1695 1549 1791 1594 apud

222 1609 442 1658 Edinburgh
470 1610 519 1646 vii
548 1611 605 1647 die
633 1611 762 1647 mensis
782 1611 998 1648 Decembris
1023 1625 1118 1648 anno
1137 1613 1287 1648 Domini
1308 1615 1341 1648 i'n
1364 1620 1397 1650 vc
1416 1615 1595 1651 tricesimo
1615 1616 1660 1651 de
1679 1617 1793 1651 omni-

221 1679 287 1713 bus
316 1678 385 1713 suis
413 1679 572 1726 receptis
599 1686 636 1714 et
663 1680 826 1726 expensis
854 1693 875 1715 a
902 1686 1032 1727 quarto
1060 1681 1118 1716 die
1146 1680 1276 1716 mensis
1295 1681 1385 1717 Maii
1406 1694 1503 1717 anno
1523 1682 1674 1718 Domini
1700 1685 1734 1719 im
1759 1686 1792 1719 vc

224 1746 394 1793 vigesimo
415 1753 546 1793 quarto
567 1748 676 1794 vsque
696 1748 792 1783 diem
819 1748 924 1783 huius
952 1749 1107 1796 compoti
1137 1756 1171 1784 et
1200 1749 1247 1784 fic
1267 1750 1311 1784 de
1331 1750 1607 1796 quatuordecim
1628 1752 1791 1787 terminis

222 1814 319 1850 infra
337 1814 407 1850 hoc
427 1822 644 1863 compotum.

224 1882 266 1918 In
286 1882 412 1930 primis
431 1883 527 1918 idem
547 1888 758 1930 compotans
778 1890 907 1919 onerat
925 1885 959 1919 se
979 1885 1024 1920 de
1052 1885 1138 1921 lxxv
1153 1885 1188 1921 li.
1209 1886 1253 1921 de
1274 1885 1389 1921 tribus
1409 1886 1573 1921 terminis
1592 1899 1659 1934 pro
1677 1888 1790 1923 firmis

225 1949 374 1986 ecclefie
402 1950 446 1986 de
467 1950 660 1998 Kirkgurd
689 1951 859 1987 videlicet
885 1951 931 1987 de
958 1952 1098 1988 duobus
1126 1953 1292 1989 terminis
1319 1954 1404 1988 anni
1427 1954 1585 2001 vigefimi
1615 1956 1735 2002 quarti
1755 1963 1791 1991 et

224 2018 269 2053 de
290 2030 362 2052 vno
390 2018 547 2054 termino
574 2019 662 2054 anni
685 2018 845 2066 vigesimi
873 2019 1002 2066 quinti.
1055 2019 1103 2069 Et
1121 2020 1167 2055 de
1186 2020 1269 2055 vili.
1298 2021 1454 2068 receptis
1473 2034 1494 2057 a
1512 2022 1660 2058 domino
1679 2023 1790 2058 Alex-

224 2086 340 2120 andro
356 2085 451 2121 vltra
467 2086 607 2121 firmam
625 2098 691 2134 pro
709 2087 948 2133 reparacione
968 2086 1069 2122 chori
1087 2088 1131 2122 tle
1148 2087 1350 2135 Kirkgurd.
1393 2088 1441 2123 Et
1456 2089 1500 2124 de
1515 2089 1617 2124 xxiiii
1629 2090 1667 2125 li.
1682 2091 1747 2125 xiii
1761 2103 1789 2125 s.

224 2153 275 2188 iiii
288 2153 323 2188 d.
350 2166 417 2201 pro
444 2153 556 2188 firmis
584 2159 765 2189 terrarum
792 2154 837 2189 dc
865 2153 1052 2202 Lumphoe
1080 2161 1290 2191 vocatarum
1319 2155 1492 2191 Ballerno
1520 2163 1556 2192 et
1582 2157 1615 2192 le
1636 2157 1717 2193 Hill
1744 2159 1788 2193 de

224 2222 364 2257 duobus
391 2222 516 2269 primis
543 2222 708 2257 terminis
735 2222 842 2258 huius
869 2223 1039 2270 compoti.
1092 2223 1141 2259 Et
1167 2223 1213 2259 de
1240 2223 1263 2258 ie
1281 2223 1383 2259 xlviii
1397 2223 1434 2258 li.
1460 2226 1505 2260 de
1531 2225 1682 2272 reliquis
1702 2226 1788 2261 duo-

223 2289 340 2325 decim
359 2289 526 2325 terminis
544 2289 642 2325 infra
659 2289 729 2325 hoe
748 2296 968 2337 compotum.

326 2356 475 2393 Summa
492 2357 615 2393 totalis
635 2358 863 2393 oneracionis
882 2358 921 2393 ii⁰
938 2358 990 2393 liii
1003 2358 1038 2393 li.
1058 2358 1162 2393 xiiis.
1182 2359 1233 2394 iiii
1247 2359 1279 2394 d.

224 2424 390 2472 Expense
409 2452 416 2461 .
437 2424 481 2461 In
508 2425 633 2472 primis
661 2425 865 2462 allocantur
891 2426 1114 2473 compotanti
1142 2439 1209 2474 pro
1236 2426 1306 2461 suis
1333 2426 1611 2474 superexpositis
1631 2434 1669 2464 vt
1686 2436 1787 2476 patet

965 2496 986 2528 2
1007 2506 1027 2528 Β
