2147 2964
351 334 423 366 330
717 327 899 364 CARTA
928 324 1184 363 ECCLESIE
1213 324 1555 362 COLLEGIATE

355 443 436 466 curn
469 434 550 464 orto
582 427 716 463 ibidem
751 433 789 463 ut
822 425 1026 475 predicitur
1059 425 1305 462 construenda.
1336 425 1528 461 continens
1559 424 1597 458 in
1633 422 1867 470 longitudine
1898 428 1934 458 et

355 498 550 535 latitudine
569 503 622 536 ‚ut
651 496 758 545 supra
785 502 821 532 et
848 495 1022 543 spefitabit
1049 494 1157 531 altari
1180 493 1303 530 sanai
1322 493 1423 529 Petri
1449 492 1604 540 apostoli
1623 498 1660 528 et
1689 491 1934 539 prebendario

356 574 487 615 quarto
506 566 601 602 dit-'te
620 564 770 601 ecclesie
798 577 866 612 pro
893 565 955 600 sua
981 563 1168 599 mantione
1190 568 1226 598 et
1245 567 1327 598 orto
1346 584 1353 591 ·
1375 561 1577 597 Tenendas
1595 566 1631 596 et
1648 560 1837 596 habendas
1854 572 1936 608 pre-

357 637 469 672 di&as
487 642 604 672 terras
632 633 856 670 constructas
884 639 920 669 et
947 631 1210 668 construendas
1238 643 1280 667 ac
1306 636 1406 666 ortos
1424 630 1624 666 earundem
1642 635 1753 677 prout
1771 628 1936 676 superius

357 706 563 742 limitantur
592 716 674 740 cum
705 701 941 751 pertinenciis
972 701 1124 749 prefatis
1154 700 1238 737 Deo
1271 699 1527 747 Omnipotenti
1558 704 1595 734 et
1624 698 1789 734 Domino
1812 696 1936 732 nostro

358 774 472 810 Jhesu
493 772 639 810 Christo
665 771 939 818 beatissimeque
959 769 1093 818 virgini
1114 769 1235 805 Marie
1254 769 1361 805 matri
1388 768 1548 804 eiusdem
1574 773 1611 804 et
1632 766 1765 804 Saudo
1783 766 1936 802 Matheo

358 842 521 891 apostolo
549 847 585 877 et
612 839 845 886 ewangeliste
873 852 915 874 ac
939 838 1081 886 prefato
1112 837 1294 886 preposito
1321 843 1357 873 et
1383 836 1637 884 prebendariis
1665 836 1759 871 dide
1786 834 1936 871 ecclesie

360 911 553 959 collegiate
582 910 627 945 de
657 908 809 956 Rossing
837 907 884 944 ad
913 906 1158 943 edificandum
1190 913 1226 942 et
1257 905 1542 941 construendum
1575 917 1702 940 eorum
1732 902 1937 939 mansiones

359 981 626 1028 imperpetuum
659 976 839 1024 equaliter
870 976 968 1012 inter
997 975 1032 1010 se
1065 975 1285 1010 diuidendas
1316 973 1456 1021 suisque
1489 973 1746 1009 successoribus
1778 972 1936 1007 eiusdem

360 1047 509 1085 ecclesie
528 1045 722 1094 collegiate
741 1043 924 1092 prepofito
943 1049 980 1079 et
997 1043 1252 1090 prebendariis
1270 1042 1464 1078 antedifitis
1483 1043 1753 1090 imperpetuum
1773 1041 1938 1076 similiter

360 1118 399 1153 in
427 1116 552 1152 eadem
583 1113 735 1150 ecclefia
762 1112 1003 1149 celebraturis
1029 1124 1096 1159 pro
1125 1111 1317 1147 animabus
1344 1110 1518 1158 predictis
1545 1123 1568 1146 a
1592 1123 1650 1145 me
1678 1116 1715 1145 et
1742 1109 1939 1145 heredibus

360 1186 450 1222 meis
481 1185 520 1220 in
548 1196 679 1232 puram
709 1182 863 1218 liberam
893 1187 930 1217 et
957 1185 1173 1228 perpetuam
1206 1178 1429 1214 elimosinam
1462 1190 1505 1214 ac
1535 1177 1795 1225 proprietatem
1829 1184 1864 1212 et
1893 1177 1941 1212 ad

363 1268 508 1291 manum
537 1259 718 1289 mortuam
750 1251 788 1286 in
819 1250 926 1286 feodo
957 1256 993 1285 et
1023 1248 1228 1284 hereditate
1262 1247 1533 1295 imperpetuum
1565 1258 1632 1293 per
1665 1258 1792 1281 omnes
1825 1247 1942 1280 rectas

361 1330 476 1360 metas
503 1324 583 1359 suas
619 1321 788 1368 antiquas
824 1325 860 1355 et
897 1318 1029 1354 diuisas
1062 1323 1172 1365 prout
1202 1316 1325 1352 iacent
1356 1315 1395 1350 in
1422 1314 1655 1363 longitudine
1683 1320 1719 1350 et
1744 1314 1942 1349 latitudine

361 1394 398 1429 in
424 1391 591 1428 domibus
618 1389 772 1425 edificiis
800 1387 914 1423 muris
941 1385 1117 1422 mureuiis
1143 1385 1254 1432 lignis
1282 1383 1482 1432 lignicidiis
1509 1383 1632 1430 lapide
1661 1388 1697 1418 et
1728 1382 1830 1418 calce
1859 1395 1942 1418 cum

361 1461 478 1496 libero
503 1459 657 1495 introitu
677 1463 713 1493 et
740 1456 840 1493 exitu
867 1468 911 1491 ac
939 1467 1021 1490 cum
1049 1454 1216 1490 omnibus
1242 1453 1322 1488 aliis
1349 1458 1385 1488 et
1412 1451 1562 1500 singulis
1589 1451 1820 1487 libertatibus
1847 1463 1942 1486 com-

362 1529 597 1566 moditatibus
629 1525 801 1574 proficuis
833 1530 869 1560 et
900 1522 1107 1559 afiamentis
1139 1535 1183 1557 ac
1214 1521 1314 1557 iustis
1345 1521 1416 1556 suis
1451 1519 1690 1568 pertinenciis
1724 1520 1942 1567 quibuscun-

362 1612 432 1647 que
463 1605 538 1634 tam
567 1609 642 1632 non
671 1594 869 1630 nominatis
900 1605 1009 1640 quam
1040 1590 1237 1628 nominatis
1267 1596 1341 1626 tam
1374 1589 1497 1625 subtus
1526 1595 1663 1625 terram
1695 1601 1803 1636 quam
1836 1589 1944 1636 supra

363 1674 499 1704 terram
528 1664 657 1713 procul
688 1669 724 1699 et
756 1674 872 1710 prope
912 1661 959 1697 ad
997 1660 1180 1708 predictas
1219 1665 1337 1695 terras
1376 1664 1412 1694 et
1449 1663 1548 1694 ortos
1583 1671 1665 1694 cum
1704 1658 1944 1705 pertinenciis

362 1734 604 1785 spectantibus
633 1734 694 1768 seu
723 1732 816 1768 iuste
844 1730 1006 1778 spefftare
1036 1728 1241 1765 valentibus
1271 1727 1546 1775 quomodolibet.
1574 1727 1612 1762 in
1639 1727 1803 1763 futurum
1828 1726 1944 1762 libere

365 1805 486 1853 quiete
504 1802 668 1851 plenarie
696 1801 839 1848 integre
865 1798 1067 1835 honorifice
1094 1798 1189 1834 bene
1208 1803 1244 1833 et
1271 1797 1310 1832 in
1328 1809 1418 1845 pace
1437 1797 1474 1832 in
1494 1796 1663 1831 omnibus
1683 1802 1719 1831 et
1736 1808 1803 1843 per
1823 1795 1946 1831 omnia

365 1874 456 1910 ficut
483 1872 604 1919 alique
633 1876 731 1906 terre
759 1869 858 1904 infra
891 1879 1048 1915 regnum
1081 1865 1212 1903 Scocie
1246 1865 1357 1901 alicui
1387 1864 1571 1912 prepofito
1602 1864 1663 1900 seu
1692 1863 1946 1911 prebendariis

366 1942 641 1990 quibuscunque
667 1937 854 1987 perpetuis
881 1935 1032 1973 liberius
1059 1941 1094 1971 et
1123 1934 1287 1982 quiecius
1317 1934 1452 1970 dantur
1478 1933 1715 1969 infeodantur
1743 1932 1946 1968 fundantur

366 2012 426 2047 seu
453 2009 707 2046 conceduntur
734 2012 797 2042 aut
824 2004 903 2041 dari
930 2003 1112 2040 infeodari
1139 2003 1286 2039 fundari
1307 2002 1364 2039 vel
1391 2002 1546 2038 concedi
1570 2008 1743 2051 poterunt
1759 2002 1797 2037 in
1815 2014 1946 2050 puram

368 2086 403 2115 et
419 2085 631 2126 perpetuam
650 2075 873 2112 elimosinam
891 2071 1099 2120 aliqualiter
1116 2072 1156 2107 in
1170 2072 1332 2107 futurum
1351 2070 1424 2107 fine
1441 2071 1685 2106 retinemento
1702 2070 1945 2106 reuocacione

368 2154 429 2184 aut
448 2145 635 2183 obstaculo
654 2143 805 2191 aliquali
824 2163 832 2171 ·
850 2141 1056 2178 Reddendo
1074 2141 1161 2176 inde
1178 2139 1313 2187 prefati
1330 2138 1533 2186 prepositus
1550 2144 1587 2175 et
1602 2138 1836 2187 prebendarii
1853 2139 1947 2174 diae

369 2215 518 2253 ecclesie
538 2213 731 2261 collegiate
750 2213 796 2248 de
815 2211 968 2258 Rossing
987 2209 1173 2245 orationes
1192 2214 1229 2244 et
1247 2208 1420 2255 suffragia
1436 2220 1504 2255 pro
1528 2207 1718 2244 animabus
1736 2206 1946 2256 supradietis

369 2285 564 2321 secundum
588 2290 753 2318 tenorem
780 2279 971 2316 ereffionis
1000 2285 1036 2314 et
1063 2277 1290 2313 fundationis
1317 2276 1475 2313 eiusdem
1503 2282 1644 2312 tantum
1673 2288 1740 2323 pro
1759 2275 1854 2311 omni
1875 2275 1946 2310 alio

369 2365 480 2388 onere
507 2351 695 2387 exaaione
723 2348 912 2397 questione
941 2347 1124 2383 demanda
1150 2347 1212 2382 seu
1238 2345 1392 2381 seruicio
1420 2345 1576 2381 seculari
1603 2357 1673 2392 que
1701 2344 1746 2379 de
1773 2342 1946 2391 prediffis

369 2421 474 2458 terris
494 2427 529 2455 et
548 2419 637 2454 ortis
657 2431 737 2454 cum
764 2416 1006 2465 pertinenciis
1033 2427 1099 2463 per
1119 2416 1354 2462 quoscunque
1381 2413 1474 2449 iuste
1493 2413 1589 2461 exigi
1606 2418 1779 2460 poterunt
1798 2423 1946 2458 quomo-

370 2489 508 2526 dolibet
537 2487 594 2523 vel
623 2486 760 2533 requiri
786 2506 793 2514 ·
813 2485 862 2521 Et
889 2497 958 2532 ego
986 2496 1073 2520 vero
1102 2483 1267 2530 prefatus
1286 2481 1495 2518 WVillelmns
1527 2480 1694 2517 Sinclare
1723 2480 1768 2514 de
1796 2479 1948 2528 Rossing
