2147 2964
306 306 372 337 102
617 298 929 336 REGISTRUM
956 298 1212 335 ECCLESIE
1241 298 1578 336 COLLEGIATE

302 402 477 437 Elastoun
498 400 611 436 annui
630 398 796 434 redditus
815 420 822 427 ·
843 397 937 434 Item
966 398 1128 445 quinque
1156 398 1287 434 solidos
1315 399 1360 434 de
1380 398 1600 434 Dechmond
1626 399 1739 434 annui
1758 398 1878 433 reddi-

302 477 358 506 tus
377 492 384 499 ·
405 469 499 506 Item
530 469 692 516 quinque
724 467 857 503 solidos
889 467 1001 502 annui
1033 467 1198 503 redditus
1231 468 1275 502 (16
1304 467 1494 515 Luchtyre
1519 491 1526 497 -
1553 467 1648 503 Item
1679 467 1877 502 tresdecem

302 540 432 574 solidos
451 543 609 585 quatuor
628 537 800 573 denarios
828 536 941 573 annui
969 536 1135 572 redditus
1162 536 1200 571 in
1220 536 1308 572 villa
1327 536 1372 571 de
1391 536 1504 572 Perth
1522 557 1529 564 ·
1550 535 1643 571 Item
1668 542 1785 571 ratam
1805 534 1878 570 siue

300 614 441 655 partem
462 608 560 643 suam
581 607 625 642 de
645 606 785 642 duabus
805 605 899 641 acris
918 612 1100 641 terrarum
1120 605 1217 641 inter
1233 605 1348 652 ipsum
1369 611 1405 640 et
1423 604 1678 653 hospitularios
1695 605 1738 640 de
1758 603 1878 640 Soltre

301 676 480 724 equaliter
496 675 706 711 diuidendis
725 694 732 702 ·
747 674 840 710 Item
860 674 1014 710 terciam
1033 679 1174 722 partem
1194 674 1391 721 garbarum
1411 673 1643 709 decimalium
1664 673 1709 708 de
1729 672 1878 708 Brodir-

302 745 411 782 stanis
439 751 476 780 et
497 743 668 780 Gilstoun
696 742 878 778 Inferiore
899 748 934 777 ct
963 741 1160 789 Superiore
1188 749 1224 778 et
1244 743 1315 777 duo
1341 744 1528 790 lnysovmes
1546 749 1582 778 et
1601 742 1747 777 domum
1768 754 1876 789 quam

301 815 418 850 dictus
437 813 621 861 quondam
638 811 830 847 Johannes
849 810 976 846 Fildar
995 811 1190 858 occupauit
1209 824 1290 846 cum
1310 811 1418 846 horto
1439 811 1533 846 dicte
1553 810 1755 857 capellanie
1775 810 1877 858 affig-

303 891 387 920 nato
408 896 489 918 cum
516 882 633 917 libero
661 880 761 916 exitu
789 886 825 915 et
853 879 1004 915 introitu
1025 879 1071 914 ad
1094 892 1324 915 communem
1351 879 1535 927 pasturam
1563 892 1629 926 pro
1649 880 1730 914 foco
1750 885 1785 915 et
1804 879 1875 914 foci

300 952 500 988 alimento·
523 951 581 986 Ac
610 949 726 985 eciam
757 948 970 984 clericatum
1001 947 1250 995 parochialem
1279 948 1324 983 de
1354 946 1474 984 Soltre
1503 960 1584 982 cum
1613 947 1778 983 omnibus
1806 947 1876 982 suis

299 1020 471 1069 proficuis
494 1018 561 1067 [et]
592 1017 856 1054 incumbenciis
875 1037 882 1044 ·
901 1017 977 1063 ipso
1004 1016 1151 1051 domino
1173 1015 1349 1051 Eduardo
1377 1015 1598 1052 sustentante
1618 1028 1729 1051 vnum
1756 1016 1877 1050 minis-

301 1090 410 1125 trium
430 1089 616 1137 ydoneum
633 1086 797 1134 expensis
817 1085 886 1120 suis
904 1098 1011 1132 quem
1032 1084 1169 1131 eligere
1187 1084 1342 1119 voluerit
1361 1084 1407 1119 ad
1426 1084 1708 1120 ministrandum
1728 1084 1765 1119 in
1781 1084 1877 1120 dieto

302 1158 479 1193 clericatu
509 1155 660 1192 honeste
681 1176 688 1183 ·
718 1167 800 1191 cum
831 1166 946 1202 paruo
978 1153 1086 1188 horto
1118 1152 1247 1188 fituato
1280 1153 1326 1188 ad
1357 1152 1540 1200 gabellum
1574 1152 1751 1188 orientale
1783 1153 1876 1189 diste

303 1226 452 1262 ecclesie
484 1226 529 1261 de
567 1224 688 1261 Soltre
720 1245 727 1252 ·
760 1223 809 1258 Et
840 1221 1043 1270 prepositus
1078 1220 1164 1256 dicti
1196 1221 1342 1268 collegii
1378 1221 1440 1267 qui
1471 1234 1538 1268 pro
1571 1227 1736 1268 tempore
1768 1222 1877 1257 fuerit

303 1294 515 1330 sustentabit
550 1297 768 1328 ornamenta
811 1290 937 1326 altaris
974 1290 1067 1324 (11866
1109 1289 1313 1337 capellanie
1354 1301 1436 1324 cum
1473 1302 1568 1336 pane
1614 1295 1650 1325 et
1685 1290 1771 1325 vino
1807 1291 1878 1326 suis

303 1363 466 1411 expensis
501 1361 688 1410 perpetuis
731 1359 863 1395 futuris
900 1357 1125 1405 temporibus
1157 1377 1163 1383 ·
1195 1357 1269 1392 Pro
1305 1357 1587 1404 quibusquidem
1629 1358 1760 1393 annuis
1798 1359 1878 1394 red-

303 1432 438 1467 ditibus
468 1430 582 1466 firmis
615 1436 650 1465 et
682 1428 762 1464 aliis
798 1440 840 1463 ac
877 1426 1026 1474 singulis
1062 1425 1225 1473 superius
1264 1425 1475 1473 expressatis
1512 1426 1676 1474 prefatus
1711 1427 1879 1462 dominus

304 1501 498 1536 Eduardus
533 1498 627 1534 Reid
663 1496 874 1545 capellanus
906 1496 951 1531 de
989 1493 1109 1530 Soltre
1145 1500 1183 1529 et
1220 1495 1271 1530 sui
1310 1494 1525 1531 successores
1558 1495 1783 1542 personalem
1814 1508 1879 1543 per

304 1571 337 1605 se
365 1576 400 1605 et
424 1581 498 1604 non
523 1579 589 1616 per
616 1566 726 1602 alium
752 1565 967 1601 continuam
994 1562 1105 1599 faciet
1129 1569 1165 1598 et
1192 1563 1330 1599 facient
1357 1562 1595 1599 refidenciam
1622 1564 1719 1610 apud
1746 1563 1886 1600 dietam.

303 1638 490 1675 ecclesiam
517 1637 563 1672 de
592 1635 713 1673 Soltre
734 1656 741 1663 -
762 1634 824 1681 qui
852 1633 878 1668 11
905 1645 972 1680 per
999 1631 1206 1679 quindecim
1235 1631 1313 1666 dies
1342 1631 1535 1667 continuos
1562 1644 1634 1668 non
1663 1631 1879 1668 licenciatus

303 1709 337 1742 se
374 1705 618 1742 absentauerit
653 1703 767 1751 ipsam
803 1700 1035 1749 capellanian
1064 1726 1070 1733 .
1100 1727 1108 1735 .
1138 1727 1146 1735 .
1173 1700 1341 1736 volumus
1369 1727 1374 1733 .
1406 1726 1414 1734 .
1442 1728 1448 1734 .
1475 1713 1607 1736 vacare
1626 1721 1634 1729 ·
1656 1699 1879 1747 Quiquidem

305 1775 516 1822 capellanus
552 1772 717 1820 quotidie
754 1783 836 1806 cum
873 1768 1060 1817 dispositus
1096 1768 1206 1804 fuerit
1241 1767 1376 1803 missam
1414 1768 1614 1804 celebrabit
1643 1768 1778 1804 ibidem
1813 1781 1880 1816 pro

306 1844 398 1879 statu
435 1849 472 1879 et
508 1842 699 1878 animabus
740 1838 1057 1875 illustriffimorum
1101 1848 1229 1883 regum
1266 1835 1398 1871 Jacobi
1443 1835 1565 1883 quarti
1609 1842 1644 1871 et
1680 1836 1797 1883 quinti
1838 1849 1880 1872 ac

306 1911 579 1959 progenitorum
617 1914 651 1945 et
685 1906 925 1944 successorum
959 1906 1104 1941 suorum
1137 1917 1282 1940 necnon
1315 1917 1380 1952 pro
1417 1903 1714 1940 reuerendiffimo
1743 1903 1882 1940 Sancti-

307 1982 443 2016 andree
472 1978 746 2026 archiepiscopo
775 1988 817 2012 36
844 1973 1156 2023 predecessoribus
1186 1979 1222 2008 et
1255 1972 1514 2009 successoribus
1543 1973 1613 2008 suis
1644 1985 1788 2008 necnon
1815 1985 1880 2020 pro

308 2049 410 2084 nobis
440 2053 475 2083 et
500 2045 814 2095 predecessoribus
845 2049 882 2079 et
912 2041 1172 2078 successoribus
1207 2041 1339 2076 nostris
1369 2053 1497 2077 verum
1532 2042 1645 2077 eciam
1680 2053 1747 2088 pro
1778 2053 1881 2088 paro-

308 2116 448 2152 chianis
467 2115 553 2151 diai
581 2114 730 2150 ecclesie
751 2114 796 2149 de
818 2112 938 2148 Soltre
965 2124 1009 2147 36
1035 2123 1102 2158 pro
1130 2109 1441 2157 predecessoribus
1467 2115 1504 2145 et
1530 2108 1788 2146 successoribus
1811 2109 1881 2145 suis

309 2185 448 2232 prefate
468 2183 617 2219 ecclesie
643 2180 877 2230 parochianis
902 2192 944 2215 ac
962 2178 1202 2228 prosperitate
1222 2178 1500 2214 christianorum
1521 2184 1557 2213 et
1574 2177 1701 2224 requie
1720 2177 1881 2212 omnium

310 2253 471 2288 fidelium
494 2252 748 2287 defunctorum
776 2261 820 2285 ac
846 2249 943 2284 inter
970 2247 1043 2283 alia
1069 2247 1174 2283 binas
1200 2246 1318 2282 missas
1346 2245 1604 2282 ebdomidatim
1624 2246 1685 2282 De
1703 2247 1826 2293 requie
1843 2246 1881 2281 in

313 2326 442 2367 quarta
461 2326 497 2355 et
520 2321 621 2355 sexta
646 2318 747 2355 feriis
774 2330 842 2365 pro
866 2316 1055 2352 animabus
1081 2315 1252 2363 prediffls
1279 2327 1362 2350 cum
1385 2314 1534 2350 Placebo
1553 2320 1589 2349 et
1607 2314 1744 2361 Dirvge
1771 2314 1881 2349 trium

313 2388 518 2424 leccionum
538 2387 699 2423 celebret
717 2406 724 2413 -
744 2385 792 2421 Et
812 2384 837 2420 11
857 2385 953 2420 idem
983 2383 1195 2431 capellanus
1222 2382 1436 2419 criminosus
1460 2394 1533 2417 non
1562 2381 1699 2417 faciens
1718 2382 1880 2418 debitum

316 2456 507 2491 seruicium
533 2455 740 2502 reperiatur
760 2460 796 2489 et
814 2453 839 2488 11
858 2453 1035 2489 inhibitus
1063 2466 1084 2488 a
1110 2452 1212 2488 viciis
1239 2451 1273 2487 se
1300 2463 1373 2486 non
1402 2450 1617 2486 abstinuerit
1635 2450 1709 2498 ipso
1729 2450 1822 2486 fasto
1842 2450 1881 2486 sit
