2147 2964
338 315 408 347 :314
683 309 859 348 CARTE
893 308 1148 346 ECCLESIE
1178 308 1518 346 COLLEGIATE

337 424 416 446 rum
437 411 594 446 filiorum
614 415 649 445 ct
669 409 856 445 Elisabeth
883 409 1015 444 sororis
1042 407 1165 443 nostre
1184 408 1296 444 salute
1316 409 1403 444 dum
1430 409 1468 444 in
1486 409 1655 445 humanis
1675 409 1857 457 egerimus
1876 416 1912 446 et

336 479 415 525 post
435 478 547 513 nostri
567 484 720 513 mortem
740 491 807 525 pro
827 477 1033 513 animarum
1059 476 1265 512 nostrarum
1291 477 1404 512 salute
1432 477 1469 512 in
1497 477 1639 525 capella
1665 477 1788 513 nostra
1806 477 1913 514 Beati

336 547 510 582 Nicholai
530 547 574 582 de
599 546 763 582 Dalketh
792 546 885 582 dicte
914 545 1099 581 dioceseos
1129 557 1236 591 quam
1264 558 1381 593 nuper
1408 545 1504 581 vltra
1530 546 1684 581 formam
1708 546 1910 593 primeuam

336 616 514 651 fabricam
534 615 745 651 decorando
765 615 948 650 ereximus
974 615 1218 662 perdecenter
1237 613 1296 649 sex
1316 613 1537 661 capellanias
1564 620 1760 662 perpetuas
1780 614 1911 661 quibus

334 685 393 719 sex
421 684 601 731 capellani
628 684 796 732 perpetui
823 683 1016 731 presbiteri
1043 695 1199 730 quorum
1227 695 1319 717 vnus
1346 682 1383 717 in
1410 682 1550 718 honore
1579 688 1615 718 et
1637 682 1911 730 preeminencia

335 753 467 788 ceteris
494 752 655 799 personis
683 752 721 787 in
750 752 878 788 eadem
907 752 1049 799 capella
1074 764 1140 799 pro
1167 756 1332 798 tempore
1360 751 1578 798 degentibus
1605 751 1726 798 quoad
1753 751 1855 786 chori
1875 757 1910 786 et

334 821 450 856 diuini
471 821 589 857 cultus
613 821 778 869 regimen
807 821 844 855 in
864 821 993 856 eadem
1011 826 1237 868 proponetur
1256 819 1528 867 prepositusque
1549 820 1739 856 vocabitur
1759 820 1908 867 deputa-

332 890 468 925 buntur
486 889 640 925 facimus
665 889 917 925 constituimus
947 894 983 924 et
1013 889 1224 924 ordinamus
1251 900 1294 923 ac
1321 894 1429 934 prout
1453 887 1614 935 sequitur
1640 888 1907 936 imperpetuum

330 958 524 993 fundamus
544 957 717 993 videlicet
736 979 743 986 ·
763 957 926 992 Primam
946 956 1185 1004 capellaniam
1214 955 1320 1003 super
1339 956 1446 991 terris
1466 956 1511 991 de
1530 955 1744 1004 Dychment
1763 962 1799 991 et
1817 956 1907 991 Hol-

331 1027 402 1062 den
431 1039 512 1061 cum
540 1026 780 1073 pertinenciis
808 1026 845 1060 in
871 1026 1027 1061 baronia
1050 1026 1094 1060 de
1114 1024 1250 1060 Westir
1271 1024 1410 1060 Caldor
1437 1024 1534 1060 infra
1561 1025 1696 1060 dfflum
1718 1025 1906 1061 vicecomi-

331 1102 447 1131 tatum
476 1095 520 1130 de
550 1094 781 1142 Edynburgh
814 1107 923 1141 quam
956 1093 1198 1141 capellaniam
1229 1092 1412 1140 preposito
1444 1105 1510 1140 pro
1543 1099 1707 1140 tempore
1739 1093 1906 1129 existenti

331 1163 548 1211 affignamus
564 1185 571 1192 ·
595 1163 802 1199 Secundam
821 1175 908 1198 vero
929 1161 1169 1209 capellaniam
1188 1161 1293 1208 super
1313 1162 1439 1196 decem
1456 1161 1598 1196 libratis
1617 1167 1715 1197 terre
1735 1162 1905 1197 videlicet

332 1232 467 1275 Qwilte
487 1238 522 1268 et
549 1231 714 1267 Fethane
743 1232 781 1266 in
803 1230 1003 1266 Tweddale
1034 1243 1104 1277 que
1131 1230 1268 1264 dudum
1299 1228 1429 1276 viginti
1456 1241 1598 1265 marcas
1626 1230 1732 1265 annis
1759 1229 1907 1277 {iugulis

330 1301 525 1337 valuerunt
544 1322 551 1329 ·
573 1301 746 1336 Terciam
774 1306 895 1335 autem
924 1300 1031 1346 super
1059 1299 1185 1333 decem
1214 1297 1317 1333 libris
1344 1297 1601 1345 sterlingorum
1628 1298 1798 1334 videlicet
1818 1299 1905 1334 duo-

329 1370 454 1405 decem
473 1382 615 1405 marcas
635 1369 679 1404 de
706 1368 815 1404 terris
842 1367 974 1403 nostris
993 1367 1038 1402 de
1057 1366 1287 1402 Louchwrde
1315 1372 1351 1402 et
1374 1366 1620 1414 quadraginta
1639 1365 1772 1402 solidos
1792 1368 1904 1403 annui

328 1438 491 1473 redditus
523 1438 568 1472 de
598 1437 796 1472 Kirkwrde
827 1436 866 1471 in
896 1435 1096 1471 Tweddale
1121 1456 1127 1462 ·
1149 1434 1329 1478 Quartam
1361 1447 1449 1470 vero
1478 1435 1584 1483 super
1615 1435 1742 1471 decem
1770 1436 1904 1472 marcis

328 1506 438 1541 annui
469 1505 634 1540 redditus
666 1505 711 1540 de
745 1504 962 1540 Horsbruke
993 1516 1060 1551 per
1091 1517 1158 1539 nos
1190 1502 1362 1540 conceffis
1392 1508 1428 1539 et
1455 1504 1561 1551 super
1588 1504 1702 1539 tribus
1729 1504 1830 1540 libris
1858 1505 1902 1540 de

328 1574 545 1609 annualibus
577 1574 621 1608 de
650 1573 900 1621 VVynkistoun
935 1571 1294 1620 Corstunyngiffelde
1326 1577 1361 1607 et
1392 1571 1654 1620 Lillayissande
1683 1572 1780 1608 infra
1807 1573 1901 1608 vice-

328 1643 540 1678 comitatum
559 1643 604 1678 de
619 1642 742 1677 Peblis
759 1641 854 1677 datis
874 1647 910 1676 et-
929 1640 1102 1676 conceffis
1122 1641 1309 1676 annuatim
1328 1652 1392 1688 per
1407 1640 1542 1675 diaum
1561 1640 1749 1675 dominum
1766 1640 1902 1676 Henri-

327 1723 409 1745 cum
429 1711 474 1745 de
493 1709 661 1757 Douglas
687 1710 844 1745 militem
871 1709 1022 1745 fratrem
1050 1709 1212 1744 nostrum
1241 1708 1342 1743 cuius
1370 1708 1572 1755 capellanie
1601 1708 1813 1756 capellanus
1835 1721 1901 1756 pro

326 1785 491 1825 tempore
510 1778 668 1814 existens
688 1778 734 1813 ad
753 1777 868 1813 altare
888 1777 993 1813 Beati
1013 1776 1114 1813 Petri
1142 1776 1179 1811 in
1199 1777 1293 1811 dicta
1320 1775 1461 1823 capella
1485 1776 1524 1811 in
1543 1776 1676 1811 diuinis
1694 1776 1901 1812 ministrare

327 1853 361 1882 et
382 1847 569 1883 celebrare
597 1852 768 1882 teneatur
787 1867 794 1875 ·
815 1844 992 1882 Refiduas
1011 1858 1098 1881 vero
1126 1845 1216 1880 duas
1243 1843 1463 1893 capellanias
1486 1843 1592 1890 super
1610 1844 1741 1892 viginti
1760 1844 1900 1880 duabus

326 1915 458 1951 marcis
478 1928 560 1950 cum
580 1914 732 1952 dimidia
750 1914 795 1949 de
815 1914 923 1949 terris
940 1914 984 1950 de
1006 1912 1283 1961 Spittalehauch
1302 1917 1337 1947 et
1352 1911 1566 1959 Ingalstoun
1586 1912 1683 1947 infra
1698 1911 1898 1948 Tweddale

327 1984 412 2018 olim
433 1984 479 2018 ad
497 1983 568 2018 Dei
599 1983 737 2018 cultum
765 1988 801 2018 et
827 1982 907 2030 pios
935 1982 1015 2017 vsus
1043 1994 1110 2029 per
1137 1978 1405 2028 predecessores
1432 1980 1574 2014 nostros
1598 1980 1781 2026 deputatis
1809 1992 1898 2027 quas

326 2052 475 2088 inantea
501 2052 596 2087 inter
621 2052 711 2087 duos
740 2051 948 2098 capellanos
975 2050 1013 2086 in
1040 2050 1137 2085 dicta
1165 2049 1306 2096 capella
1331 2047 1599 2083 ministraturos
1622 2048 1659 2083 in
1680 2047 1814 2083 diuinis
1831 2061 1897 2095 per

327 2120 473 2165 equales
493 2119 609 2154 diuidi
637 2119 804 2154 volumus
831 2118 1024 2166 porciones
1046 2137 1054 2145 ·
1073 2117 1122 2152 Et
1148 2116 1421 2164 prenominatas
1449 2121 1565 2151 terras
1592 2116 1671 2164 regi
1697 2116 1895 2163 gubernari

328 2194 362 2221 et
382 2188 533 2223 afl'edari
560 2200 603 2222 ac
631 2200 756 2222 earum
783 2187 904 2222 firmas
931 2185 1095 2221 redditus
1123 2190 1159 2220 et
1184 2189 1384 2232 prouentus
1403 2183 1588 2218 vniuersos
1615 2196 1760 2219 necnon
1779 2189 1815 2220 et
1833 2197 1895 2220 an-

327 2267 417 2289 nuos
437 2255 601 2290 redditus
621 2255 824 2290 antedictos
851 2254 966 2289 leuari
992 2259 1027 2289 et
1054 2253 1167 2300 recipi
1187 2253 1352 2288 volumus
1371 2257 1407 2288 et
1426 2252 1635 2287 ordinamus
1654 2265 1720 2299 per
1737 2252 1894 2300 prepofi-

327 2328 402 2356 tum
437 2328 472 2357 et
502 2323 709 2369 capellanos
745 2322 923 2357 dictarum
960 2321 1246 2368 capellaniarum
1283 2320 1388 2356 annis
1423 2320 1570 2367 singulis
1613 2325 1722 2367 prout
1757 2321 1802 2355 ad
1832 2333 1892 2356 eos

328 2389 535 2436 spectabunt
553 2391 748 2426 secundum
775 2389 1017 2426 racionabiles
1045 2402 1087 2425 ac
1113 2389 1284 2424 honestos
1310 2389 1456 2424 modum
1476 2394 1512 2424 et
1529 2388 1682 2423 formam
1710 2393 1893 2423 cartarum

327 2457 530 2492 nostrarum
551 2466 585 2493 ct
604 2459 712 2505 ipfius
732 2459 870 2494 domini
891 2458 1046 2494 Henrici
1066 2457 1198 2493 exinde
1218 2457 1464 2493 confectarum
1479 2477 1485 2484 ·
1503 2455 1669 2491 Mansum
1690 2467 1776 2491 vero
1795 2455 1890 2492 dicto
