2147 2964
102 1116 170 1152 162

544 306 757 344 SANCTE
786 306 1100 344 TRINITATIS
1127 307 1197 343 DE
1225 306 1561 343 EDINBURGH.
1749 309 1811 343 181

240 404 409 452 Expense
429 405 588 441 eiusdem
610 427 616 433 ·
634 405 677 441 In
697 406 824 453 primis
841 405 1047 441 allocantur
1067 406 1289 453 compotanti
1308 418 1373 454 pro
1393 404 1667 453 superexpositiS
1687 406 1755 441 suis
1776 414 1812 442 vt

240 478 341 519 patet
354 473 392 508 in
406 474 498 521 pede
513 474 629 509 vlt-imi
641 474 799 522 compoti
814 474 866 509 sui
884 474 918 509 vi
931 474 969 509 li.
986 473 1055 522 [iiii
1068 473 1122 522 d.]
1152 473 1200 509 Et
1212 486 1277 521 per
1291 473 1509 509 solucionem
1523 473 1651 508 saetam
1665 474 1811 509 domino

241 540 384 577 Thome
403 542 504 578 Guld
533 542 722 589 capellano
746 555 813 589 pro
834 541 1097 577 sustentacione
1124 554 1321 588 puerorum
1342 541 1388 577 ad
1408 541 1637 577 seruiendum
1657 542 1693 576 in
1714 542 1810 577 dido

240 608 395 656 collegio
414 609 702 656 percipiencium
721 609 759 644 in
774 622 872 644 anno
891 610 950 645 sex
970 610 1081 645 libras
1096 610 1140 645 de
1155 610 1249 645 dieto
1265 609 1420 645 termino
1436 609 1694 645 Penthecostes
1714 610 1810 645 infra

241 676 309 712 hoc
329 682 536 724 compotum
556 677 591 711 iii
604 677 641 712 li.
686 677 734 712 Et
750 677 940 712 Bernardo
963 676 1121 725 [latinio]
1143 690 1210 724 pro
1229 678 1290 712 suo
1310 677 1463 712 seruieio
1483 677 1519 711 in
1541 677 1635 712 disto
1656 678 1809 725 collegio

240 744 285 779 de
317 744 412 779 dieeo
444 745 601 780 termino
633 744 671 779 xl
683 757 709 779 s.
763 745 811 780 Et
842 745 995 780 liberate
1032 744 1180 779 domino
1214 743 1401 779 Willelmo
1435 743 1595 790 Tempill
1627 746 1808 791 receptori

237 879 338 914 debit
356 899 363 905 ·
382 878 431 914 Et
448 879 615 915 feriando
635 880 673 914 in
692 879 800 914 feodo
820 879 881 914 suo
900 879 945 914 de
965 880 1060 914 diffito
1080 879 1236 914 termino
1257 879 1291 914 vi
1305 891 1330 914 S.
1352 879 1415 914 viii
1429 879 1464 914 d.

327 947 475 983 Summa
490 948 729 996 expensarum
749 961 796 983 xv
809 947 848 982 li.
869 947 943 983 vis.
962 947 1024 982 viii
1037 948 1072 983 d.
1089 954 1124 984 et
1139 947 1186 983 fic
1204 947 1475 995 superexposuit
1492 954 1705 996 compotans
1721 949 1759 984 iii
1774 949 1809 983 li.

235 1136 471 1191 COMPOTUM
501 1153 721 1189 venerabilis
749 1159 784 1188 et
817 1152 953 1201 egregii
986 1153 1054 1188 viri
1088 1153 1248 1200 magistri
1273 1153 1454 1189 Johannis
1487 1153 1611 1201 Brady
1640 1154 1810 1200 prepositi

235 1221 384 1258 ecclesie
404 1221 598 1269 collegiate
620 1221 752 1257 Sancte
774 1220 968 1256 Trinitatis
987 1234 1100 1268 prope
1118 1221 1336 1269 Edinburgh
1357 1221 1541 1257 redditum
1562 1222 1658 1269 apud
1676 1222 1810 1257 dietum

236 1290 429 1338 collegium
450 1289 618 1325 vicesimo
639 1289 790 1336 septimo
810 1289 869 1324 die
889 1288 1018 1323 mensis
1035 1289 1125 1324 Maii
1145 1302 1241 1324 anno
1256 1288 1410 1324 Domini
1430 1288 1617 1325 millesimo
1638 1290 1813 1338 quingen-

236 1359 360 1394 tefimo
377 1359 522 1394 decimo
541 1371 639 1393 nono
659 1358 704 1393 de
724 1357 892 1393 omnibus
919 1357 1076 1404 receptis
1100 1357 1169 1392 suis
1189 1363 1224 1393 et
1244 1357 1409 1404 expensis
1428 1370 1449 1392 a
1468 1358 1585 1405 primo
1605 1359 1664 1394 die
1684 1359 1812 1393 meniis

237 1427 408 1464 Oetobris
426 1427 515 1463 anni
534 1426 687 1462 Domini
716 1431 784 1461 etc.
812 1424 1093 1472 quingentesimi
1113 1425 1244 1460 decimi
1263 1426 1383 1461 ockaui
1403 1425 1512 1472 vsque
1532 1426 1569 1461 in
1590 1426 1685 1461 dien]
1705 1426 1812 1462 huius

238 1497 397 1544 compoti
416 1497 462 1531 de
480 1496 594 1531 firmis
621 1501 804 1530 terrarum
832 1494 876 1529 de
897 1493 1071 1528 Ballerno
1099 1499 1135 1528 et
1154 1492 1348 1541 Lumphoy
1369 1493 1540 1528 videlieet
1567 1495 1612 1529 de
1641 1507 1712 1529 vno
1741 1502 1811 1530 ter-

236 1565 336 1600 mino
366 1564 490 1601 sanai
518 1563 671 1599 Martini
698 1563 795 1598 infra
821 1562 890 1597 hoc
918 1568 1127 1609 compotum
1155 1574 1277 1596 coram
1306 1561 1533 1597 auditoribus
1559 1562 1810 1609 prebendariis

237 1636 323 1671 ἀίἇὶί
344 1634 504 1682 collegii.

238 1703 341 1739 Idem
370 1708 500 1738 onerat
527 1701 562 1736 se
583 1701 627 1736 de
652 1700 766 1735 firmis
794 1700 973 1735 dictarum
1004 1697 1218 1746 [terrarum]
1241 1698 1285 1733 de
1305 1697 1477 1733 Ballerno
1497 1704 1532 1733 et
1554 1697 1743 1746 Lumphoy
1764 1699 1809 1734 dc

237 1773 333 1808 dicto
353 1771 510 1808 termino
531 1770 651 1806 saneti
671 1769 834 1804 Martini.

340 1839 490 1877 Summa
508 1838 617 1873 huius
636 1835 866 1873 oneraeionis
884 1840 994 1883 patet.

237 1908 405 1956 Expense
433 1906 590 1942 eiusdem
612 1927 619 1933 ·
640 1905 684 1940 In
709 1904 835 1953 primis
863 1903 1068 1938 allocantur
1096 1903 1320 1950 compotanti
1347 1915 1411 1951 pro
1439 1902 1714 1950 superexpositis
1739 1903 1808 1938 suis

239 1977 276 2012 iu
297 1976 422 2012 vltimo
451 1980 621 2022 compoto
648 1974 710 2009 suo
731 1978 768 2008 vt
785 1977 887 2020 patet
906 1971 942 2006 in
963 1971 1055 2018 pede
1083 1971 1240 2007 eiusdem
1261 1971 1345 2006 iiili.
1399 1971 1447 2006 Et
1466 1983 1531 2018 per
1549 1971 1807 2006 liberacionem

241 2045 368 2080 fudam
387 2042 534 2078 domino
551 2041 738 2077 Willelmo
754 2039 913 2086 Tempill
933 2039 1116 2086 receptori
1133 2039 1297 2087 generali
1316 2039 1352 2074 in
1371 2039 1431 2074 sex
1450 2039 1552 2074 libris
1568 2044 1603 2074 et
1617 2038 1809 2074 duodecim

238 2112 361 2148 solidis
389 2111 436 2146 ad
464 2110 562 2146 vsum
591 2110 676 2145 diffl
708 2108 854 2155 collegii
886 2107 981 2142 dieto
1015 2107 1163 2142 domino
1190 2107 1373 2142 Willelmo
1410 2108 1575 2154 presente
1605 2113 1640 2142 et
1672 2107 1808 2144 fatente

239 2180 503 2216 liberacionem
534 2178 638 2226 super
671 2182 879 2224 compotum
913 2181 948 2211 et
983 2188 1048 2223 pro
1079 2175 1208 2222 quibus
1240 2175 1472 2222 respondebit
1504 2175 1585 2210 vili.
1617 2175 1669 2210 xii
1682 2188 1708 2212 s,
1760 2176 1808 2212 Et

239 2249 358 2285 eidem
386 2260 453 2295 pro
480 2248 584 2282 firma
612 2258 755 2282 camere
783 2244 919 2280 domini
947 2243 1100 2279 Roberti
1127 2243 1172 2278 de
1199 2243 1294 2278 dicoto
1321 2243 1478 2278 termino
1507 2242 1629 2279 Sancti
1656 2243 1806 2279 Martini

239 2317 344 2352 xiiis.
372 2316 425 2351 iiii
437 2316 472 2351 d.
526 2315 574 2350 Et
601 2327 665 2363 per
693 2313 914 2349 solucionem
941 2312 1070 2347 fa8mm
1091 2311 1238 2346 domino
1259 2311 1400 2346 Thome
1421 2311 1521 2347 Guld
1549 2324 1614 2358 pro
1637 2310 1807 2347 sustenta-

239 2385 345 2420 cione
372 2396 570 2432 puerorum
598 2383 644 2417 ad
669 2381 899 2417 seruiendum
919 2380 956 2415 in
976 2379 1070 2415 diem
1099 2378 1251 2425 collegio
1272 2378 1556 2426 percipiencium
1576 2379 1612 2414 in
1632 2392 1728 2414 anno
1748 2379 1805 2414 sex

238 2452 350 2488 libras
369 2452 413 2487 de
433 2451 528 2487 dieze
547 2450 704 2486 termino
725 2449 880 2498 compoti
908 2448 946 2484 iii
960 2448 996 2483 li.
1049 2446 1096 2482 Et
1116 2446 1306 2482 Barnardo
1334 2446 1457 2482 latimo
1485 2459 1550 2494 pro
1572 2446 1725 2483 seruicio
1744 2447 1805 2483 suo
