2147 2964
630 730 950 779 ECCLESIA
994 727 1402 778 COLLEGIATA

286 876 452 924 BEATE
490 875 654 922 MARIE
690 874 928 922 VIRGINJS
963 873 1033 921 DE
1069 871 1254 920 CAMPIS
1290 870 1360 918 DE
1397 870 1726 920 EDINBURGH

219 1144 396 1192 Magister
417 1143 579 1179 Thomas
599 1143 766 1178 Diksoun
790 1155 856 1190 pro
876 1143 1040 1182 Ecclefia
1061 1146 1202 1194 Campi.

229 1264 444 1316 Ὗνιειιῐειωο
474 1279 591 1326 primo
610 1278 668 1313 die
688 1278 822 1314 Marcii
851 1292 948 1314 anno
967 1279 1119 1316 Domini
1142 1284 1237 1317 1510
1264 1281 1439 1329 Magister
1455 1281 1617 1318 Thomas
1632 1282 1798 1319 Diksoun

225 1348 424 1384 canonicus
451 1345 715 1383 Abii-donenfis
742 1346 941 1393 refignauit
968 1348 1004 1383 in
1033 1349 1200 1385 manibus
1220 1349 1377 1385 WValteri
1398 1349 1506 1397 Yong
1533 1350 1657 1386 balliui
1686 1357 1798 1387 totam

223 1422 358 1451 terram
387 1416 485 1450 suam
507 1414 641 1450 vastam
668 1426 747 1449 cum
776 1414 1013 1461 pertinenciis
1040 1417 1219 1453 iacentem
1248 1418 1285 1452 in
1313 1419 1429 1465 burgo
1454 1418 1499 1453 de
1518 1418 1735 1467 Edinburgh
1756 1433 1798 1455 ex

223 1491 327 1532 parte
347 1483 494 1519 australi
514 1483 599 1518 Vici
620 1482 726 1529 Regii
754 1482 912 1518 eiusdem
940 1484 1037 1520 inter
1064 1491 1200 1520 terram
1218 1485 1436 1520 Archibaldi
1464 1485 1636 1534 Kyncaid
1663 1500 1706 1523 ex
1731 1488 1798 1522 ori-

225 1552 337 1588 entali
353 1558 389 1587 et
403 1551 599 1599 passagium
616 1551 713 1586 inter
727 1551 840 1598 ipsam
857 1551 993 1588 vastam
1009 1559 1146 1588 terram
1160 1559 1196 1588 et
1211 1553 1428 1589 cimiterium
1444 1554 1593 1590 ecclefie
1608 1554 1739 1603 Campi
1755 1568 1797 1591 ex

226 1619 445 1656 occidentali
467 1625 503 1655 et
522 1619 721 1667 passagium
748 1619 846 1654 inter
867 1621 1019 1656 eandem
1048 1626 1183 1656 terram
1203 1626 1239 1656 et
1258 1627 1378 1657 ortum
1401 1622 1471 1657 flue
1490 1623 1693 1669 pomerium
1714 1624 1799 1658 dieti

226 1688 389 1736 magistri
406 1687 549 1723 Thome
565 1700 609 1722 ex
623 1686 759 1722 boreali
779 1687 893 1722 eciam
909 1687 1108 1736 passagium
1124 1689 1307 1735 quoddam
1326 1689 1422 1724 inter
1437 1696 1554 1725 terras
1569 1691 1614 1726 de
1630 1691 1749 1727 Bristo
1764 1700 1798 1728 et

227 1756 429 1792 huiusmodi
446 1762 581 1791 terram
598 1756 733 1790 vastam
749 1768 793 1790 ex
809 1755 956 1791 australi
971 1757 1137 1804 partibus
1152 1758 1197 1792 ab
1212 1770 1283 1792 vna
1298 1763 1333 1793 et
1348 1757 1420 1792 alia
1431 1779 1438 1786 ·
1453 1758 1514 1804 qui
1530 1759 1687 1795 balliuus
1699 1761 1799 1796 dedit

227 1824 376 1860 safinam
391 1823 649 1859 hereditariam
662 1822 865 1858 huiusmodi
878 1830 975 1859 terre
987 1825 1084 1861 vaste
1096 1839 1175 1861 cum
1189 1826 1427 1873 pertinenciis
1439 1839 1505 1873 per
1517 1833 1650 1863 terram
1665 1835 1699 1864 et
1713 1829 1800 1876 lapi-

229 1894 312 1929 dem
332 1892 486 1928 discreto
507 1892 585 1927 viro
605 1891 778 1938 magistro
798 1891 950 1927 Matheo
970 1893 1048 1929 Ker
1311 1894 1460 1930 nomine
1480 1895 1559 1931 vice
1578 1902 1614 1931 et
1632 1910 1675 1932 ex
1695 1904 1799 1945 parte

229 1961 556 2010 prebendariorum
576 1960 703 1996 diuina
721 1961 990 1997 celebrancium
1007 1968 1043 1997 et
1061 1962 1338 1997 decantancium
1358 1963 1395 1998 in
1410 1963 1505 1999 dieta
1520 1964 1670 2000 eeclesia
1686 1965 1798 2001 Beate

230 2030 350 2066 Marie
371 2029 524 2077 virginis
543 2029 587 2064 de
603 2029 743 2078 Campo
763 2029 960 2067 secundum
979 2036 1143 2066 tenorem
1164 2036 1264 2066 carte
1284 2030 1437 2078 desuper
1457 2032 1693 2068 conficiende.

233 2234 446 2281 margareta
466 2233 659 2269 Lowreson
680 2239 716 2269 et
736 2232 883 2269 Helena
901 2233 1094 2269 Lowreson
1113 2246 1178 2281 pro
1198 2233 1348 2270 ecclesia
1370 2234 1512 2283 Campi.

155 2378 175 2408 2
235 2354 409 2408 Dsscmo
449 2382 547 2404 nono
587 2368 809 2417 Septembris
835 2369 948 2404 Anno
975 2368 1128 2405 Domini
1157 2373 1250 2405 1511
1288 2371 1444 2407 balliuus
1472 2372 1658 2409 W'alterus
1690 2374 1799 2424 Yong

235 2466 242 2474 .
264 2468 269 2473 .
293 2467 301 2474 .
322 2438 473 2474 intrauit
493 2437 743 2485 Margaretam
769 2436 962 2473 Lowreson
982 2445 1017 2474 et
1043 2438 1224 2474 Helenam
1247 2438 1440 2476 Lon-reson
1460 2441 1553 2477 filias
1571 2448 1607 2478 et
1626 2449 1798 2491 tanquam
