2147 2964
358 267 401 299 18
826 262 1139 299 REGISTRUM
1168 262 1469 299 CARTARUM

354 449 468 485 Carta
494 448 668 484 Duncani
698 448 743 484 de
775 447 1042 496 Swaynystoun
1071 448 1116 484 (le
1144 447 1300 495 triginta
1326 453 1483 495 quatuor
1500 447 1598 483 acris
1618 453 1718 482 terre
1738 454 1774 482 et
1793 447 1933 484 duabus

352 517 446 553 aeris
465 517 558 565 prati
579 517 617 553 in
639 517 825 553 territorio
845 518 890 553 de
913 516 1194 565 Swaynystoun.

286 666 293 673 .
355 621 552 678 Omnibus
574 638 710 674 Christi
737 638 905 674 fidelibus
932 639 1082 686 presens
1108 639 1282 686 scriptum
1303 639 1430 674 visuris
1450 639 1508 675 vel
1527 639 1705 674 audituris
1724 639 1932 676 Duneanus

351 709 396 744 de
429 708 696 757 Swaynystoun
728 717 764 744 et
792 707 954 743 Mariota
985 708 1112 756 sponsa
1142 709 1204 749 sua
1231 707 1382 743 salutem
1413 708 1486 744 vite
1513 707 1691 755 presentis
1719 714 1754 743 et
1782 708 1930 744 future·

352 777 511 812 Nouerit
529 776 744 812 vniuerfitas
763 776 882 811 vestra
900 789 966 811 nos
988 774 1104 825 [cum]
1125 778 1297 812 consensu
1317 777 1495 812 heredum
1516 778 1721 812 nostrorum
1740 778 1872 813 dedisse
1892 778 1930 813 in

350 854 565 894 perpetuam
593 846 854 894 emphyteosim
883 846 1056 893 magistro
1083 851 1119 880 et
1146 845 1319 881 fratribus
1348 846 1477 881 Sanete
1506 846 1703 882 Trinitatis
1730 847 1775 881 de
1808 846 1929 882 Soltre

351 916 486 951 ibidem
506 915 544 950 in
562 914 721 962 presenti
741 914 982 950 seruientibus
997 913 1079 950 Deo
1099 920 1134 949 et
1153 913 1191 948 in
1211 914 1373 949 futurum
1394 914 1580 950 seruituris
1600 915 1753 962 triginta
1772 920 1929 961 quatuor

352 997 456 1020 acras
475 990 572 1020 terre
591 983 739 1019 arabilis
768 988 805 1018 et
823 983 913 1017 duas
945 995 1048 1018 acras
1080 982 1177 1029 prati
1208 983 1246 1017 in
1280 982 1468 1018 territorio
1494 983 1539 1018 de
1571 982 1837 1031 Swaynystoun
1865 995 1930 1030 per

352 1055 468 1088 meas
500 1052 631 1087 diuisas
664 1051 798 1086 eisdem
831 1050 1023 1098 affignatas
1043 1050 1215 1086 videlicet
1243 1064 1287 1087 ex
1319 1052 1487 1088 orientali
1515 1059 1619 1099 parte
1647 1053 1776 1087 domus
1804 1051 1929 1087 nostre

353 1128 510 1169 quatuor
538 1133 642 1156 acras
669 1133 750 1155 cum
778 1119 870 1155 tofto
899 1127 934 1155 et
959 1119 1075 1155 crofto
1095 1124 1131 1154 et
1151 1119 1304 1166 triginta
1322 1133 1426 1155 acras
1444 1120 1483 1155 in
1502 1120 1706 1168 Alrycloue
1726 1121 1810 1156 illas
1831 1121 1929 1156 vide-

353 1191 527 1237 licetque
554 1191 674 1224 iacent
701 1189 739 1223 in
767 1187 937 1223 orientali
962 1193 1064 1235 parte
1090 1194 1187 1223 terre
1209 1188 1507 1236 Templariorum
1535 1202 1642 1236 quam
1662 1189 1800 1225 scilicet
1820 1189 1928 1225 Tem-

352 1259 461 1307 plarii
475 1259 513 1293 in
526 1258 624 1293 dieta
639 1257 725 1292 villa
740 1262 866 1292 tenent
881 1262 917 1290 et
929 1254 1106 1302 poffident
1123 1256 1226 1292 iuxta
1240 1256 1433 1292 Alricloue
1450 1263 1486 1292 et
1500 1258 1538 1292 in
1553 1263 1656 1305 parte
1671 1258 1802 1293 boriali
1819 1259 1927 1305 Vsque

353 1328 399 1363 ad
418 1328 554 1363 fontem
575 1326 619 1361 de
641 1325 794 1361 Chester
821 1324 1013 1360 tendentes
1041 1330 1076 1359 et
1102 1324 1149 1360 fic
1169 1326 1291 1360 versus
1320 1326 1500 1361 orientem
1519 1326 1630 1373 Vsque
1655 1327 1702 1362 ad
1730 1340 1870 1363 moram
1895 1334 1930 1363 et

353 1397 398 1431 (16
417 1408 520 1430 mora
539 1407 627 1441 erga
645 1393 805 1428 austrum
826 1392 935 1439 vsque
950 1391 1222 1439 Allryclouhed
1238 1399 1274 1429 et
1289 1394 1336 1429 fic
1356 1394 1601 1430 discendendo
1621 1408 1687 1442 per
1706 1395 1865 1430 riuulum
1885 1396 1930 1431 de

354 1463 546 1499 Alricloue
567 1463 676 1508 vsque
695 1461 739 1497 ad
769 1461 900 1496 dietam
928 1466 1064 1496 terram
1088 1460 1383 1510 Templariorum
1412 1476 1501 1511 erga
1528 1464 1758 1500 occidentem
1785 1471 1822 1499 et
1840 1464 1930 1499 duas

353 1545 456 1568 acras
474 1531 569 1579 prati
589 1543 633 1566 ex
651 1530 822 1566 orientali
841 1535 946 1577 parte
966 1530 1010 1565 de
1030 1529 1159 1566 Galow
1179 1531 1277 1577 quod
1297 1531 1432 1566 dicitur
1447 1531 1689 1567 Bradmedow
1707 1555 1714 1562 -
1731 1531 1929 1567 Tenendas

353 1608 389 1637 et
407 1600 595 1636 habendas
615 1600 659 1634 de
679 1599 784 1634 nobis
804 1604 840 1633 et
859 1598 1056 1633 heredibus
1084 1598 1216 1634 nostris
1240 1599 1509 1647 imperpetuum
1530 1613 1612 1636 cum
1632 1601 1799 1636 omnibus
1818 1600 1929 1648 aysia-

353 1670 485 1705 mentis
505 1669 551 1704 ad
571 1668 703 1703 dictam
724 1667 848 1702 villam
877 1666 1120 1713 spedantibus
1149 1667 1263 1703 libere
1292 1668 1414 1714 quiete
1442 1668 1643 1703 honorifice
1671 1669 1804 1714 absque
1829 1669 1927 1703 omni

354 1738 616 1775 consuetudine
637 1737 695 1771 vel
714 1735 869 1771 seculari
894 1735 1092 1770 exaccione
1120 1742 1155 1771 et
1174 1736 1353 1771 demanda
1380 1742 1415 1771 et
1435 1736 1533 1771 omni
1560 1735 1713 1771 seruieio
1731 1736 1927 1771 intrinseco

355 1809 412 1844 vel
440 1807 642 1843 extrinseco
663 1827 670 1835 ·
690 1805 895 1841 Reddendo
924 1804 1009 1839 inde
1040 1804 1230 1839 annuatim
1262 1804 1367 1839 nobis
1392 1803 1450 1839 vel
1477 1804 1670 1839 heredibus
1696 1803 1826 1838 nostris
1854 1810 1926 1839 tres

355 1878 524 1914 denarios
545 1877 602 1912 vel
621 1889 732 1911 vnum
760 1888 828 1922 par
858 1874 1055 1909 calcarium
1085 1874 1131 1908 ad
1154 1861 1336 1907 nundinas
1356 1873 1400 1908 de
1421 1872 1677 1920 Hadyngtoun
1696 1892 1702 1899 ·
1722 1872 1818 1907 Diffi
1839 1885 1926 1907 vero

355 1946 526 1993 magister
555 1951 591 1980 et
617 1945 749 1979 fratres
780 1943 818 1978 in
847 1942 1056 1978 communia
1086 1940 1210 1976 nostra
1240 1941 1285 1976 de
1317 1939 1582 1988 Swaynystoun
1608 1940 1738 1987 viginti
1770 1946 1927 1987 quatuor

356 2013 528 2049 animalia
546 2025 628 2047 cum
647 2024 773 2046 eorum
792 2010 938 2057 sequela
957 2016 993 2045 et
1012 2010 1102 2044 duos
1122 2021 1232 2054 equos
1259 2016 1294 2044 et
1314 2010 1490 2044 ducentas
1509 2021 1595 2044 oues
1614 2008 1799 2043 habebunt
1819 2029 1826 2036 ·
1846 2007 1925 2043 Nos

357 2094 442 2116 vero
460 2087 496 2116 et
517 2080 668 2115 heredes
687 2078 799 2113 nostri
819 2077 948 2113 dietam
970 2083 1106 2112 terram
1134 2089 1216 2112 eum
1245 2077 1409 2112 omnibus
1437 2077 1668 2125 ayfiamentis
1687 2075 1777 2111 ficut
1795 2088 1925 2122 preno-

358 2151 534 2185 minatum
554 2149 605 2184 est
633 2156 763 2184 contra
790 2159 914 2181 omnes
941 2152 1069 2193 gentes
1096 2145 1366 2193 imperpetuum
1385 2144 1703 2181 warantizabimus
1723 2163 1729 2170 -
1749 2143 1812 2178 Ad
1830 2143 1924 2178 hanc

358 2231 445 2253 vero
466 2217 752 2253 eonuencionem
772 2215 929 2250 fideliter
949 2220 984 2249 et
1004 2214 1076 2248 fine
1096 2214 1191 2248 malo
1210 2214 1359 2262 ingenio
1378 2215 1643 2262 imperpetuum
1663 2211 1922 2246 obseruandam

359 2299 423 2321 nos
439 2299 593 2321 vnacum
613 2286 748 2321 herede
767 2284 889 2319 nostro
909 2283 1013 2318 taetis
1032 2282 1264 2317 sacrosanetis
1283 2279 1514 2329 [euangeliis]
1531 2279 1731 2315 iurauimus
1750 2285 1786 2314 et
1801 2291 1923 2314 coram

361 2355 447 2389 viris
474 2354 666 2401 fidedignis
696 2359 731 2388 et
757 2351 916 2388 honestis
944 2351 1053 2386 fidem
1073 2350 1237 2386 dedimus
1261 2371 1269 2378 ·
1293 2350 1360 2384 hiis
1380 2349 1528 2385 testibus
1547 2347 1694 2383 domino
1714 2347 1861 2393 Rogero
1880 2347 1925 2381 de

363 2422 509 2469 Quincy
531 2422 799 2457 constabulario
819 2420 955 2456 domini
979 2420 1075 2467 regis
1103 2418 1250 2454 domino
1268 2416 1462 2463 Radulpho
1491 2416 1534 2451 de
1556 2414 1758 2462 Campania
1777 2414 1925 2449 domino
