2147 2964
662 788 855 846 ACTA
922 786 1308 846 CAPITULI.

201 982 428 1036 UNDECIMO
444 998 502 1034 die
517 998 647 1034 mensis
662 998 804 1046 Aprilis
818 1011 915 1035 anno
927 998 1078 1035 Domini
1093 998 1282 1034 millesimo
1297 998 1583 1046 quingentesimo
1601 999 1769 1047 vigesimo

200 1068 297 1103 sexto
317 1088 325 1096 ·
347 1066 431 1110 Quo
451 1067 510 1103 die
529 1067 566 1102 in
587 1067 749 1115 capitulo
768 1067 919 1103 ecclesie
939 1068 1132 1116 collegiate
1153 1068 1283 1104 sanae
1305 1067 1498 1104 Trinitatis
1521 1080 1633 1116 prope
1658 1068 1769 1103 Edin-

198 1135 317 1184 burgh
333 1149 375 1171 ac
393 1135 584 1183 presencia
602 1135 798 1171 reuerendi
817 1136 955 1171 domini
974 1136 1139 1184 magistri
1157 1136 1340 1172 Johannis
1359 1136 1547 1184 Dingwall
1565 1137 1655 1172 sedis
1673 1138 1770 1186 apos-

198 1204 306 1240 tolice
320 1203 588 1251 prothonotarii
605 1203 744 1250 prefate
760 1203 953 1251 collegiate
969 1204 1118 1241 ecclesie
1133 1204 1306 1253 prepositi
1319 1210 1355 1241 et
1370 1205 1594 1241 confratrum
1611 1204 1769 1240 eiusdem

199 1272 449 1318 capitulariter
476 1277 782 1319 congregatorum
811 1272 979 1308 dominus
1005 1273 1167 1309 Jacobus
1187 1272 1336 1321 Waudy
1364 1272 1574 1320 capellanus
1602 1272 1770 1319 di&eque

199 1340 391 1388 collegiate
411 1339 561 1376 ecclesie
579 1352 647 1387 pro
666 1345 828 1388 tempore
846 1341 1113 1387 prebendarius
1132 1341 1178 1375 ad
1204 1340 1421 1376 instanciam
1441 1340 1619 1376 di&orum
1638 1353 1769 1388 prepo-

198 1408 254 1444 siti
273 1414 309 1444 et
328 1408 478 1456 capituli
499 1420 566 1455 per
584 1407 833 1454 infrascriptas
860 1407 986 1443 literas
1013 1408 1264 1444 monitoriales
1283 1408 1483 1443 eorundem
1502 1408 1565 1444 sub
1585 1408 1768 1444 communi

201 1476 315 1524 sigillo
339 1476 425 1512 diffi
448 1475 597 1524 capituli
620 1475 792 1524 sigillatas
819 1481 855 1511 et
879 1489 943 1524 per
971 1476 1164 1512 discretum
1191 1476 1309 1511 virum
1336 1476 1520 1511 dominum
1542 1476 1767 1511 iVillelmum

202 1545 405 1592 Yhoungar
421 1543 626 1580 huiusmodi
654 1543 803 1579 ecclesie
832 1544 1024 1590 collegiate
1053 1544 1231 1592 capellani
1251 1544 1374 1579 debite
1401 1550 1572 1580 executas
1592 1550 1627 1580 et
1645 1544 1767 1579 indor-

200 1613 293 1649 satas
312 1613 358 1648 ad
378 1612 660 1660 comparendum
680 1611 738 1647 die
756 1617 792 1647 et
810 1611 891 1647 loco
908 1612 1038 1659 quibus
1058 1613 1165 1659 supra
1182 1612 1345 1659 legitime
1364 1612 1522 1647 monitus
1542 1613 1745 1659 comparuit
1762 1633 1769 1640 ·

202 1693 354 1728 quarum
373 1680 564 1715 literarum
582 1679 700 1714 forma
718 1679 878 1726 sequitur
896 1679 1099 1715 huiusmodi
1120 1680 1183 1715 sub
1202 1686 1328 1715 tenore
1348 1701 1355 1708 -
1372 1680 1397 1715 J
1401 1680 1562 1716 ohannes
1581 1679 1767 1727 Dingwall

202 1748 295 1784 sedis
327 1748 524 1796 apostolice
550 1747 848 1796 prothonotarius
878 1747 1028 1784 ecclesie
1056 1748 1248 1796 collegiate
1281 1748 1410 1783 Sancte
1431 1748 1624 1783 Trinitatis
1652 1761 1767 1796 prope

203 1816 422 1864 Edinburgh
440 1816 641 1864 prepositus
660 1821 696 1851 et
721 1815 920 1863 capitulum
948 1816 1106 1852 eiusdem
1134 1816 1289 1851 discreto
1310 1816 1389 1851 viro
1414 1816 1562 1852 domino
1582 1816 1767 1852 Willelmo

205 1884 409 1932 Yhoungar
434 1883 621 1932 capellano
651 1883 800 1919 salutem
819 1905 826 1912 ·
842 1883 959 1919 Vobis
977 1884 1190 1919 mandamus
1210 1890 1389 1930 quatenus
1407 1885 1585 1920 moneatis
1604 1884 1767 1932 legitime

203 1959 238 1988 et.
256 1952 500 2000 peremptorie
520 1951 705 1987 dominum
721 1951 901 1987 Jacobum
917 1952 1061 2001 Waudy
1077 1952 1303 2000 capellanum
1321 1952 1462 2000 prefate
1481 1952 1602 1988 nostre
1617 1953 1766 1989 ecclesie

203 2020 396 2067 collegiate
416 2019 583 2055 assertum
607 2019 888 2066 prebendarium
916 2020 1155 2067 personaliter
1174 2020 1435 2068 apprehensum
1456 2020 1513 2056 vel
1533 2021 1630 2068 apud
1650 2034 1769 2057 came--

203 2101 282 2124 ram
300 2088 398 2122 suam
425 2087 521 2122 infra
539 2086 672 2122 diaum
702 2087 896 2134 collegium
923 2088 1021 2134 quod
1048 2094 1257 2135 compareat
1285 2101 1407 2124 coram
1426 2089 1530 2124 nobis
1549 2089 1586 2124 in
1607 2090 1765 2137 capitulo

204 2156 299 2191 dicte
318 2154 510 2203 collegiate
529 2154 677 2190 ecclesie
703 2154 783 2202 post
810 2167 979 2202 magnam
1006 2155 1140 2191 missam
1160 2156 1350 2192 vndecimo
1369 2156 1428 2192 die
1453 2157 1582 2192 mensis
1600 2157 1767 2194 instantis

206 2222 346 2271 Aprilis
364 2222 410 2258 ad
429 2223 625 2258 videndum
646 2227 681 2258 et
701 2222 922 2258 audiendum
946 2223 980 2259 se
1007 2223 1203 2259 secundum
1225 2224 1314 2259 iuris
1334 2224 1560 2272 exigenciam
1580 2226 1766 2262 fundacio-

205 2291 329 2339 nisque
348 2298 384 2327 et
399 2291 614 2327 statutorum
633 2290 726 2326 difte
745 2290 936 2338 collegiate
955 2292 1103 2328 ecclesie
1122 2298 1286 2328 tenorem
1305 2293 1427 2340 puniri
1448 2299 1483 2329 et
1502 2294 1667 2340 punitum
1687 2295 1765 2331 fore

205 2360 385 2396 declarari
403 2372 446 2395 ac
464 2359 568 2407 penis
594 2360 631 2394 in
659 2359 791 2394 eisdem
819 2359 1000 2395 contentis
1028 2360 1213 2397 incurrisse
1231 2367 1379 2410 propter
1400 2362 1511 2398 verba
1529 2362 1767 2410 vilipendiosa

207 2434 242 2463 et
272 2428 367 2464 faeta
394 2427 490 2463 dieto
518 2426 700 2475 preposito
732 2440 875 2463 necnon
906 2428 1017 2464 verba
1052 2428 1226 2465 iniuriosa
1251 2429 1415 2466 ‚Iohanni
1443 2429 1574 2479 Layng
1602 2430 1764 2467 seruitori
