2147 2964
344 306 415 342 272
708 303 887 339 CARTE
915 301 1166 339 ECCLESIE
1196 300 1538 337 COLLEGIATE

344 402 505 449 registris
525 402 700 438 librorum
721 392 882 437 officialis
901 401 1089 437 Laudonie
1117 400 1330 448 principalis
1358 407 1478 435 autem
1505 400 1671 435 fundatio
1690 400 1727 434 in
1748 399 1909 434 custodia

344 472 437 507 diae
452 471 601 507 ecclesie
617 472 661 507 de
678 471 827 519 Campis
846 471 893 506 ad
910 471 1068 506 futuram
1090 469 1141 505 rei
1161 469 1373 503 memoriam
1392 481 1460 515 pro
1479 474 1657 515 perpetuo
1677 474 1910 503 remaneant·

345 543 404 577 Ad
424 554 494 588 que
514 541 635 576 omnia
654 548 689 576 et
708 540 847 587 singula
863 539 1030 588 premissa
1057 537 1194 585 regiam
1220 536 1444 571 maiestatem
1465 546 1501 572 et
1519 535 1856 572 reuerendiffimum
1875 537 1910 571 in

345 609 489 646 Christo
518 614 657 657 patrem
689 608 911 656 1'111Jradi5tos
929 620 996 655 pro
1020 605 1300 642 mortificatione
1330 605 1570 640 ratificationc
1596 605 1857 652 approbatione
1877 611 1911 639 et

343 678 619 714 confirmatione
639 677 800 713 omnium
821 683 857 712 et
875 676 1098 724 singulorum
1117 674 1362 722 premissorum
1383 674 1419 708 in
1441 674 1608 709 omnibus
1625 679 1660 709 et
1679 673 1827 720 singulis
1842 672 1912 708 suis

341 747 484 795 punbtis
503 752 538 781 et
557 746 720 782 articulis
737 746 782 780 de
801 745 927 793 gracia
947 743 1090 792 speciali
1111 742 1347 779 exhortamur
1365 743 1401 777 in
1419 741 1580 777 Domino
1597 747 1633 777 et
1649 742 1908 789 supplicamus·

342 815 384 850 In
416 815 517 851 cuius
544 815 596 850 rei
626 813 870 849 testimonium
902 812 1058 860 sigillum
1089 811 1250 846 nostrum
1283 823 1438 846 vnacum
1467 810 1582 857 sigillo
1611 811 1793 846 communi
1816 810 1910 845 diae

342 883 533 930 collegiate
552 881 701 918 ecclefie
722 880 927 917 Beatiffime
946 879 1112 927 Virginis
1132 879 1250 915 Marie
1270 880 1314 915 (16
1335 879 1484 927 Campis
1503 879 1540 914 in
1560 879 1698 928 signum
1720 880 1910 915 consensus

342 959 377 987 et
394 951 547 988 assensus
570 951 750 986 difitorum
777 948 950 997 prepofiti
980 954 1015 984 et
1046 947 1196 995 capituli
1224 948 1384 983 eiusdem
1404 948 1558 995 desuper
1576 948 1681 995 petiti
1702 948 1855 984 conceffi
1875 956 1908 983 et

341 1020 456 1056 habiti
474 1019 701 1068 presentibus
720 1019 801 1054 sunt
819 1018 977 1065 appensa
996 1017 1093 1063 apud
1112 1016 1245 1051 di6tum
1263 1016 1419 1063 burgum
1435 1016 1575 1051 decimo
1593 1016 1691 1051 sexto
1707 1017 1765 1051 die
1781 1016 1910 1051 mensis

342 1089 433 1124 Maii
466 1101 562 1124 anno
595 1086 747 1122 Domini
779 1085 967 1121 millesimo
999 1083 1287 1132 quingentesimo
1324 1083 1504 1119 tricefimo
1537 1084 1653 1132 primo
1684 1085 1911 1131 presentibus

342 1158 476 1193 ibidem
507 1155 775 1192 venerabilibus
806 1160 841 1189 et
873 1153 1034 1189 discretis
1066 1152 1220 1187 dominis
1252 1158 1287 1186 et
1317 1151 1499 1198 magistris
1526 1151 1551 1187 J
1554 1151 1697 1187 ohanne
1725 1152 1911 1199 Dingwall

280 1232 289 1240 ⁸
341 1225 618 1273 prothonotario
655 1222 853 1271 apostolico
890 1221 1039 1257 ecclesie
1080 1220 1272 1268 collegiate
1309 1219 1532 1254 Sanstiffime
1569 1219 1764 1255 Trinitatis
1798 1233 1911 1267 prope

340 1293 558 1339 Edinburgh
585 1290 764 1339 preposito
784 1289 972 1325 Willelmo
993 1288 1154 1335 Tempill
1183 1287 1328 1322 Thoma
1344 1286 1516 1322 lVatsoun
1547 1286 1710 1334 Georgio
1739 1287 1912 1336 Clapper-

341 1370 428 1399 toun
444 1360 658 1397 Alexandro
674 1359 824 1394 Paniter
839 1357 865 1393 J
867 1358 980 1393 acobo
996 1356 1133 1404 Waldy
1145 1355 1359 1390 Alexandro
1376 1354 1591 1402 Tailyhefer
1605 1354 1726 1389 Adam
1746 1354 1913 1391 Frenche

341 1431 434 1466 (1ὶᾶ6
454 1428 644 1476 collegiate
664 1425 814 1462 ecclesie
836 1424 1058 1462 Sanffiflime
1079 1423 1272 1459 Trinitatis
1297 1422 1548 1470 prebendariis
1566 1435 1710 1458 necnon
1730 1422 1913 1459 Willelmo

342 1499 528 1535 Meldrum
557 1496 694 1531 vicario
722 1495 767 1530 de
797 1493 974 1530 Strabrok
1002 1499 1038 1528 et
1056 1492 1228 1529 Johanne
1248 1491 1326 1527 Ker
1345 1491 1552 1539 presbiteris
1580 1491 1731 1527 notariis
1758 1492 1913 1539 publicis

341 1580 422 1603 cum
442 1565 592 1602 diuersis
619 1564 698 1600 aliis
717 1563 867 1599 testibus
889 1563 935 1598 ad
961 1561 1130 1609 premissa
1148 1561 1286 1596 vocatis
1314 1566 1422 1607 atque
1441 1560 1576 1608 rogatis
1596 1582 1602 1588 -
1626 1560 1745 1603 Quam
1767 1561 1912 1608 quidem

341 1642 477 1671 cartam
499 1640 535 1670 et
553 1632 805 1669 fundationem
833 1631 870 1665 in
891 1630 1018 1666 eadem
1046 1635 1256 1665 contentam
1284 1629 1322 1664 in
1342 1628 1508 1664 omnibus
1527 1628 1597 1664 suis
1615 1629 1757 1676 punctis
1776 1635 1812 1665 et
1829 1630 1912 1665 arti-

342 1704 432 1739 culis
451 1702 593 1738 statutis
617 1700 753 1748 regulis
781 1698 1028 1734 obseruanciis
1056 1697 1326 1734 conditionibus
1354 1703 1389 1732 et
1416 1697 1530 1732 modis
1558 1710 1600 1733 ac
1628 1697 1913 1734 circumstanciis

343 1772 411 1808 suis
431 1770 704 1819 quibuscunque
731 1768 769 1803 in
789 1767 956 1802 omnibus
984 1773 1020 1802 et
1045 1779 1111 1813 per
1135 1765 1256 1801 omnia
1282 1766 1400 1800 forma
1425 1765 1564 1812 pariter
1582 1771 1618 1800 et
1637 1766 1765 1801 effectu
1784 1779 1912 1813 appro-

341 1841 466 1875 bamus
485 1837 706 1873 ratificamus
725 1834 1007 1871 admortizamus
1035 1840 1070 1869 et
1098 1835 1144 1869 ad
1170 1846 1317 1869 manum
1344 1839 1523 1868 mortuam
1548 1846 1614 1880 pro
1633 1840 1810 1881 perpetuo
1830 1847 1913 1870 con-

342 1909 526 1943 firmamus
545 1905 652 1941 saluis
671 1903 774 1939 nobis
792 1910 828 1938 et
846 1902 1104 1938 successoribus
1123 1901 1253 1937 nostris
1272 1901 1489 1936 denotarum
1509 1901 1714 1936 orationum
1734 1901 1912 1949 suffragiis

343 1976 428 2012 diai
447 1973 682 2023 prebendarii
701 1978 737 2008 et
755 1970 993 2007 suceessorum
1020 1970 1164 2006 suorum
1191 1974 1331 2005 tantum
1360 1990 1366 1997 ·
1387 1968 1432 2003 In
1460 1968 1562 2004 cuius
1588 1969 1641 2004 rei
1668 1969 1912 2005 testimonium

343 2045 427 2080 huic
445 2043 602 2092 presenti
622 2047 722 2077 carte
740 2040 861 2075 nostre
882 2039 1168 2075 confirmationis
1187 2042 1223 2072 et
1242 2035 1554 2072 admortizationis
1570 2049 1742 2084 maguum
1758 2037 1913 2085 sigillum

345 2112 505 2148 nostrum
524 2109 658 2158 apponi
687 2108 916 2156 precepimus
944 2106 1092 2142 testibus
1123 2105 1226 2154 [etc.]
1253 2104 1351 2152 apud
1382 2103 1584 2152 Striueling
1603 2105 1771 2141 vicesimo
1796 2106 1912 2153 primo

345 2181 403 2216 die
430 2178 560 2215 mensis
580 2177 671 2213 Maii
698 2188 794 2212 anno
817 2174 969 2210 Domini
997 2173 1184 2210 millesimo
1213 2172 1500 2220 quingentesimo
1527 2173 1706 2209 tricesimo
1732 2173 1850 2221 primo
1877 2180 1910 2208 et

343 2248 447 2295 regni
466 2246 579 2282 nostri
599 2245 741 2281 decimo
762 2246 898 2279 ottauo.
