2147 2964
334 303 405 341 298
705 299 881 336 CARTE
909 298 1165 336 ECCLESIE
1194 299 1537 337 COLLEGIATE

335 399 506 447 magistro
526 398 671 434 Thoma
698 399 742 434 de
768 398 942 446 Myrtone
970 399 1110 434 decano
1132 398 1347 447 Glasguenfi
1375 401 1471 448 apud
1492 399 1723 448 Edynburgh
1742 398 1829 434 xxvi
1849 397 1908 432 die

335 466 463 503 mensis
483 466 575 503 Maii
594 479 690 503 anno
709 467 814 514 regni
834 466 948 502 nostri
968 466 1106 502 xxiiii&

338 673 547 723 [Institucio
575 672 800 721 prepositure
833 680 868 708 et
900 674 1228 721 prebendariorum
1262 673 1409 709 eoeleste.
1443 673 1636 720 collegiate
1669 673 1713 708 de
1747 671 1912 708 Corstor-

336 742 477 790 phine]

338 864 391 918 IN
421 880 492 916 Dei
520 879 667 914 nominc
695 891 801 914 amen
819 899 826 905 -
846 878 1036 914 Vniuerfis
1064 886 1099 914 et
1132 877 1280 924 singulis
1310 877 1448 913 Christi
1479 877 1646 913 fidelibus
1679 877 1725 912 ad
1757 889 1911 923 quorum

339 949 493 985 noticias
524 948 709 996 presentes
739 947 845 983 litere
880 947 940 983 seu
977 947 1123 995 presens
1159 946 1345 993 publicum
1382 946 1664 982 instrumentum
1700 945 1913 992 peruenerit

338 1019 510 1054 JACOBUS
530 1017 604 1053 Dei
624 1023 658 1052 et
678 1016 873 1064 apostolice
893 1016 985 1052 sedis
1012 1016 1139 1064 gracia
1163 1016 1351 1063 episcopus
1371 1015 1633 1051 Sansstiandree
1652 1015 1834 1061 iudexque
1854 1015 1913 1049 seu

339 1092 512 1123 executor
531 1086 659 1121 vnicus
686 1086 732 1121 ad
759 1085 989 1132 infrascripta
1008 1098 1028 1120 a
1047 1086 1129 1120 sede
1157 1084 1355 1131 apostoliea
1384 1084 1588 1131 specialiter
1609 1084 1804 1131 deputatus
1824 1083 1915 1118 salu-

340 1164 411 1192 tem
431 1157 468 1192 in
487 1155 649 1191 Domino
669 1160 704 1190 et
723 1154 951 1202 presentibus
974 1155 1082 1189 fidem
1110 1152 1297 1188 indubiam
1326 1153 1500 1188 adhibere
1521 1176 1526 1181 -
1548 1153 1690 1188 Literas
1710 1150 1913 1187 sanctiffimi

340 1226 377 1260 in
399 1224 545 1261 Christo
564 1223 679 1271 patris
698 1229 733 1258 et
752 1222 891 1257 domini
918 1222 1031 1257 nostri
1059 1221 1198 1257 domini
1224 1221 1383 1267 Eugenii
1409 1221 1534 1256 diuina
1562 1220 1804 1267 prouidencia
1822 1231 1916 1266 pape

341 1293 460 1340 quarti
487 1292 563 1327 eius
592 1304 679 1326 vera
706 1290 805 1326 bulla
832 1291 1003 1337 plumbea
1031 1303 1113 1325 cum
1141 1289 1293 1325 cordula
1321 1289 1468 1336 canapis
1496 1301 1598 1324 more
1619 1289 1785 1324 Romane
1814 1288 1915 1324 curie

340 1361 574 1409 impendente
596 1359 750 1394 bullatas
779 1359 880 1394 sanas
909 1364 944 1393 et
972 1359 1133 1406 integras
1160 1370 1234 1392 non
1264 1358 1414 1393 viciatas
1443 1370 1517 1392 non
1546 1357 1767 1393 cancellatas
1792 1356 1915 1392 necin

340 1431 462 1478 aliqua
481 1429 531 1464 sui
551 1434 654 1476 parte
674 1427 852 1474 1'uspe6tas
872 1427 934 1478 sed
953 1427 1051 1462 omni
1070 1427 1216 1475 prorsus
1238 1426 1330 1461 vicio
1351 1433 1386 1462 et
1408 1426 1606 1474 suspicione
1626 1431 1793 1461 carentes
1812 1424 1916 1460 nobis

340 1512 406 1547 pro
425 1504 529 1546 parte
557 1496 688 1532 nobilis
708 1496 777 1531 viri
796 1496 933 1531 domini
952 1495 1108 1532 Joannis
1127 1495 1345 1532 Forresterii
1374 1496 1498 1531 militis
1526 1496 1665 1531 domini
1685 1496 1730 1531 de
1752 1494 1917 1531 Corstor-

340 1568 451 1616 phine
471 1567 696 1614 presentatas
715 1578 781 1600 nos
798 1577 881 1600 cum
901 1577 944 1600 ea
963 1578 1036 1611 qua
1054 1564 1178 1601 decuit
1197 1565 1414 1600 reuerencia
1432 1564 1609 1600 noueritis
1626 1563 1797 1611 recepisse
1817 1571 1917 1599 teno-

342 1649 417 1672 rem
446 1636 508 1682 qui
539 1633 701 1680 sequitur
732 1633 962 1668 continentes
988 1654 994 1660 -
1020 1633 1222 1669 EUGENms
1253 1633 1442 1681 episcopus
1472 1634 1596 1669 seruus
1629 1635 1816 1669 seruorum
1845 1633 1917 1668 Dei

343 1703 544 1740 venerabili
576 1703 680 1738 fratri
716 1702 884 1749 episcopo
923 1701 1188 1738 Sanffiandree
1226 1702 1375 1739 salutem
1411 1709 1446 1738 et
1483 1702 1716 1750 apostolicam
1748 1702 1918 1737 benedie—

344 1775 485 1810 cionem
505 1793 512 1800 ·
532 1772 595 1808 Ad
613 1784 656 1807 ea
680 1784 721 1806 ex
750 1770 950 1818 apostolico
979 1771 1160 1807 seruitutis
1187 1770 1303 1807 officio
1328 1771 1485 1806 libenter
1513 1771 1735 1806 intendimus
1763 1783 1829 1818 per
1848 1783 1918 1817 que

343 1842 450 1878 statui
470 1841 590 1876 valeat
617 1846 653 1875 et
680 1840 984 1875 indemnitatibus
1012 1839 1338 1875 ecelefiasticorum
1366 1839 1529 1874 locorum
1557 1846 1664 1886 atque
1685 1840 1918 1886 personarum

344 1916 524 1958 oportune
555 1909 750 1956 prouidere
774 1930 781 1936 ·
806 1907 958 1943 Dudum
990 1907 1164 1955 siquidem
1199 1920 1266 1955 pro
1299 1914 1403 1955 parte
1436 1907 1557 1943 1111οἕ11
1589 1907 1653 1942 filii
1686 1907 1817 1942 nobilis
1850 1907 1917 1941 viri

344 1979 501 2016 Joannis
520 1977 736 2013 Forresterii
765 1976 890 2011 militis
922 1976 1186 2012 Sanffiandree
1213 1976 1362 2011 diocefis
1390 1976 1493 2011 nobis
1521 1975 1682 2023 exposito
1710 1976 1808 2023 quod
1832 1975 1918 2010 olim

345 2050 416 2097 ipse
436 2048 483 2084 ad
501 2047 618 2083 diuini
646 2045 764 2081 cultus
791 2045 954 2092 aspirans
981 2050 1218 2093 augmentum
1245 2045 1290 2079 de
1318 2044 1423 2079 bonis
1451 2044 1514 2079 fibi
1542 2044 1696 2091 desuper
1715 2043 1857 2079 collatis
1882 2043 1918 2078 in

347 2115 533 2153 cemiterio
560 2113 781 2162 parochialis
809 2112 959 2149 ecclesie
979 2114 1024 2148 de
1046 2113 1308 2161 Corstorphine
1327 2113 1422 2148 dicte
1442 2113 1625 2148 dioceseos
1645 2113 1827 2160 quoddam
1848 2112 1920 2148 col-

348 2185 481 2232 legium
495 2196 562 2231 pro
577 2183 738 2230 quinque
755 2182 1010 2230 prebendariis
1025 2195 1178 2228 quorum
1197 2194 1287 2232 vnus
1304 2194 1538 2218 PREPOSITUS
1556 2181 1761 2229 appellatur
1775 2193 1818 2216 ac
1832 2181 1920 2216 duo-

348 2254 412 2288 bus
431 2253 552 2300 pueris
571 2252 688 2287 officia
715 2251 804 2286 inibi
831 2250 957 2286 diuina
983 2256 1158 2298 perpetuo
1187 2250 1423 2286 celebraturis
1449 2249 1648 2285 instituerit
1675 2254 1711 2284 et
1737 2261 1803 2296 pro
1822 2248 1919 2283 illius

351 2322 433 2355 dote
452 2320 616 2355 redditus
635 2332 775 2355 annuos
795 2325 941 2355 centum
961 2324 996 2354 et
1016 2318 1147 2366 viginti
1164 2319 1378 2354 ducatarum
1396 2318 1475 2353 auri
1493 2317 1761 2365 confignauerit
1777 2315 1919 2351 adiecto

351 2389 447 2423 inter
466 2388 537 2423 alia
555 2388 652 2434 quod
671 2386 873 2434 prepositus
901 2392 936 2422 et
963 2386 1025 2421 alii
1051 2386 1286 2434 prebendarii
1313 2398 1379 2432 per
1396 2385 1577 2433 prefatum
1601 2384 1751 2420 militem
1770 2383 1919 2429 suosque

353 2454 565 2491 successores
587 2461 621 2490 et
648 2455 801 2491 heredes
828 2455 1028 2503 presentari
1059 2467 1202 2490 necnon
1230 2453 1432 2500 prepositus
1458 2465 1522 2500 per
1549 2452 1754 2499 episcopum
1783 2450 1919 2487 8311811-
