2147 2964
474 267 686 305 SANCTE
715 267 1033 305 TRINITATIS
1060 268 1131 304 DE
1159 268 1492 305 EDINBURGH.
1693 272 1762 309 ‘207

198 364 391 402 discretum
407 366 525 402 virum
544 367 731 402 dominum
747 366 928 402 Thomam
944 367 1122 403 WVatsoun
1136 380 1245 403 vnum
1265 367 1587 416 prebendariorum
1605 368 1763 403 eiusdem

198 433 346 469 ecclesie
365 434 403 469 in
424 434 571 482 organis
598 434 755 470 lusorem
775 447 847 482 quo
866 434 1058 470 deficiente
1083 435 1193 470 alium
1220 435 1257 470 in
1285 435 1366 470 loco
1385 435 1444 470 suo
1465 436 1696 471 sufficientem
1716 437 1763 471 ad

197 500 397 537 ludendum
425 502 462 537 in
490 502 638 550 organis
657 502 751 537 dieze
780 502 975 549 collegiate
1003 502 1152 538 ecclesie
1173 503 1210 537 in
1231 502 1358 537 diebus
1377 503 1547 550 congruis
1566 504 1762 539 secundum

197 570 290 605 ἀίὃὶθ
308 571 540 606 fundacionis
568 570 640 605 siue
668 570 860 605 creffionis
887 576 1052 606 tenorem
1079 583 1144 619 pro
1172 570 1246 617 ipso
1266 570 1435 618 magistro
1452 571 1622 607 Johannc
1642 573 1765 608 subde-

198 649 289 672 cano
307 638 438 673 eteius
461 637 610 672 nomine
636 637 673 672 in
702 638 863 673 futurum
891 638 1077 673 annuatim
1098 638 1143 673 de
1172 637 1345 673 consensu
1371 638 1540 684 prepositi
1561 644 1596 674 et
1615 640 1764 686 capituli

197 705 423 752 prefatorum
443 704 641 752 sumptibus
660 703 769 752 ipsius
783 705 979 740 subdecani
999 704 1178 740 substituit
1194 710 1230 740 et
1248 704 1433 740 ordinauit
1448 711 1483 740 et
1502 705 1539 740 in
1559 706 1628 741 suis
1643 708 1765 742 arduis

198 772 358 820 negociis
384 772 660 819 indulgenciam
688 785 710 807 a
728 773 904 808 continua
930 771 1133 808 refidencia
1152 772 1260 819 vsquc
1280 772 1326 807 ad
1346 772 1474 807 festum
1493 773 1628 809 Pasche
1648 776 1767 821 proxi-

197 854 296 876 mum
328 841 390 876 sub
422 840 482 888 spe
514 840 788 876 emendacionis
823 841 861 876 in
899 841 1060 876 futurum
1095 840 1283 875 humiliter
1314 840 1511 888 postulauit
1543 864 1549 871 -
1582 841 1650 878 Cui
1684 856 1768 878 vero

199 909 404 945 subdecano
435 908 592 956 predicti
624 907 826 956 prepositus
853 914 890 944 et
921 908 1122 956 capitulum
1152 907 1312 944 vnamini
1342 908 1513 944 consensu
1540 910 1644 957 super
1675 911 1769 946 dieta

200 977 376 1012 continua
393 976 599 1012 refidencia
616 976 661 1012 ad
677 975 811 1012 dietum
831 976 961 1012 festum
977 976 1114 1012 Pasche
1132 976 1336 1024 proximum
1357 977 1489 1024 absque
1508 983 1627 1014 tamen
1645 979 1771 1015 funda-

201 1045 316 1081 cionis
331 1045 403 1081 fiue
419 1045 612 1081 eretffionis
627 1044 832 1080 huiusmodi
851 1044 1055 1092 preiudicio
1074 1044 1234 1093 graciose
1254 1045 1480 1081 indulserunt
1491 1065 1498 1072 ·
1513 1044 1629 1093 Super
1644 1048 1772 1094 quibus

201 1114 369 1149 omnibus
396 1119 432 1149 et
463 1113 612 1161 singulis
639 1113 802 1161 prefatus
828 1113 1055 1148 reuerendus
1082 1113 1250 1149 dominus
1278 1113 1480 1160 prepositus
1507 1127 1528 1149 a
1555 1127 1612 1150 me
1630 1117 1773 1151 notario

200 1181 348 1229 publico
367 1181 567 1229 subscripto
586 1180 651 1216 fibi
669 1180 749 1216 fieri
776 1180 885 1228 peciit
904 1194 1014 1216 vnum
1034 1181 1094 1217 vel
1119 1181 1227 1229 plura
1253 1181 1439 1229 publicum
1466 1182 1526 1217 seu
1549 1182 1696 1229 publica
1722 1184 1773 1218 in-

199 1249 439 1285 strumentum
459 1250 521 1285 seu
539 1249 781 1285 instrumenta
799 1269 806 1276 ·
825 1249 920 1285 Αὲὶε,
939 1256 1044 1286 eraut
1066 1249 1167 1298 [hec]
1187 1249 1224 1284 in
1250 1262 1395 1285 camera
1422 1250 1576 1297 prediffi
1603 1252 1773 1299 prepositi

200 1323 236 1354 et
254 1318 336 1354 loco
356 1317 552 1366 capitulari
579 1317 677 1353 infra
704 1317 899 1365 collegium
928 1317 1087 1354 eiusdem
1116 1318 1309 1366 collegiate
1338 1318 1488 1354 ecclesie
1516 1318 1607 1355 hora
1633 1320 1775 1356 decima

201 1392 286 1422 ante
305 1386 496 1422 meridiem
516 1385 575 1421 vel
594 1385 740 1422 eocirca
759 1385 822 1422 sub
841 1398 939 1421 anno
964 1386 1083 1422 mense
1103 1386 1163 1422 die
1190 1386 1389 1422 indictione
1409 1392 1445 1421 et
1464 1387 1679 1434 pontificatu
1699 1389 1774 1435 qui-

203 1455 269 1490 bus
288 1454 396 1502 supra
412 1454 643 1502 presentibus
670 1454 805 1490 ibidem
830 1454 1032 1490 venerabili
1060 1460 1096 1491 et
1124 1454 1380 1502 circumspetffto
1400 1454 1478 1489 viro
1498 1454 1666 1502 magistro
1685 1456 1776 1490 Wil-

203 1523 313 1559 lelmo
336 1522 500 1559 Gibsoun
528 1522 670 1558 decano
698 1521 848 1558 ecclesie
877 1522 1070 1570 collegiate
1098 1523 1143 1558 de
1171 1522 1353 1569 Restalrig
1380 1527 1416 1557 et
1434 1522 1586 1558 Andrea
1614 1522 1774 1571 IIannay

205 1592 298 1628 laico
315 1592 465 1627 testibus
484 1592 530 1627 ad
548 1590 714 1640 premissa
731 1591 870 1627 vocatis
888 1591 1099 1639 pariterque
1118 1590 1267 1638 rogatis.

207 1660 281 1696 Die
301 1673 388 1696 vero
409 1659 557 1696 Sabbati
577 1659 749 1707 vigesimo
768 1659 887 1707 primo
907 1659 1048 1708 Aprilis
1076 1671 1172 1694 anno
1196 1657 1394 1694 indictione
1414 1664 1449 1693 et
1467 1658 1678 1705 pontificatu
1698 1661 1773 1706 qui-

207 1729 274 1764 bus
301 1728 410 1775 supra
435 1727 629 1776 supradi&i
655 1728 856 1776 prepositus
884 1734 920 1764 et
951 1727 1150 1775 capitulum
1181 1726 1273 1761 hora
1302 1726 1492 1773 capitulari
1524 1727 1776 1774 capitulariter

210 1796 372 1832 vnanimi
392 1796 564 1832 consensu
585 1796 800 1844 congregati
828 1809 908 1832 cum
937 1795 1110 1842 magistro
1133 1794 1304 1829 Johanne
1324 1795 1473 1841 Logane
1500 1795 1640 1841 prefate
1668 1796 1775 1831 colle-

210 1864 306 1912 giate
325 1863 475 1900 ecclesie
495 1864 635 1900 decano
663 1864 708 1899 de
736 1864 911 1900 continua
938 1862 1140 1899 refidencia
1170 1861 1277 1897 modo
1306 1867 1341 1896 et
1370 1861 1487 1897 forma
1513 1862 1643 1909 quibus
1670 1864 1775 1910 supra

211 1932 320 1967 certis
341 1931 454 1967 caufis
473 1931 758 1967 racionabilibus
778 1932 812 1966 se
831 1932 878 1967 ad
904 1931 973 1967 hoc
997 1930 1227 1966 mouentibus
1255 1929 1387 1976 absque
1412 1930 1527 1965 eciam
1547 1930 1775 1967 fundacionis

212 1999 285 2035 flue
305 1999 497 2035 erectionis
516 1998 625 2046 ipfius
644 1999 773 2034 decani
792 1999 995 2046 preiudicio
1015 1999 1266 2046 dispensarunt
1285 2003 1320 2033 et
1333 1997 1576 2034 indulserunt.

262 2067 468 2103 JoHANNES
487 2066 700 2102 DINGWALL
718 2066 918 2114 prepositus
1044 2066 1229 2101 Dominus
1249 2064 1420 2101 Jaconus
1442 2065 1589 2101 WALnr

264 2135 448 2171 DOMINUS
470 2134 636 2170 THOMAS
657 2134 855 2170 ersoun
1047 2133 1286 2168 Wle-:LMUS
1309 2132 1488 2168 TEMPILL

265 2203 449 2239 Dommus
470 2202 688 2238 MranEm„
706 2201 866 2237 DYsAR'r
1046 2200 1229 2236 DoMmus
1250 2201 1368 2236 ADAM
1385 2200 1569 2237 Fumone

826 2268 949 2304 VILLE
956 2280 1054 2304 LMUS
1075 2267 1275 2304 MELDRUM
1295 2269 1467 2305 notarius.
