2147 2964
229 1264 262 1298 (ἱ.

338 272 361 308 6
801 272 1118 310 REGISTRUM
1147 272 1447 310 CARTARUM

338 372 399 407 dia
418 372 552 407 bouata
571 378 668 407 terre
688 373 908 420 computatis
935 372 1101 420 proxime
1121 372 1243 408 domui
1272 385 1352 408 mee
1382 385 1426 408 ex
1445 377 1549 420 parte
1574 371 1795 409 occidentali
1816 379 1913 409 terre

338 453 447 487 quam
465 440 580 475 frater
598 453 700 476 meus
719 441 837 477 tenuit
856 463 863 469 -
886 441 1103 477 Tenendam
1126 447 1162 477 et
1188 441 1395 477 habendam
1415 442 1460 477 de
1479 455 1536 477 me
1556 447 1592 477 et
1610 441 1807 477 heredibus
1826 443 1914 478 meis

338 522 419 544 cum
439 508 606 545 omnibus
625 509 857 558 ayfiamentis
876 511 923 546 ad
942 516 1077 546 terram
1097 523 1215 546 meam
1235 511 1475 558 spefitantibus
1495 511 1586 546 adeo
1601 511 1717 546 libere
1733 517 1769 546 et
1788 511 1913 558 quiete

335 577 500 625 plenarie
533 584 569 614 et
599 578 801 614 honorifice
833 579 923 615 ficut
953 579 1078 626 aliqua
1109 579 1297 615 elimosina
1326 579 1362 615 in
1395 585 1471 615 toto
1501 592 1617 627 regno
1647 578 1776 615 Scocie
1805 579 1911 615 alicui

337 647 460 683 domui
486 648 653 695 religiose
673 648 781 683 datur
799 654 835 684 et
854 647 1070 684 conceditur
1088 667 1095 675 ·
1114 648 1195 697 Ego
1223 654 1344 684 autem
1372 654 1408 683 et
1434 648 1589 684 heredes
1615 648 1685 683 mei
1714 648 1910 696 sepefatam

336 715 524 751 dimidiam
556 717 727 752 bouatam
760 722 859 752 terre
896 729 976 752 cum
1011 717 1178 752 omnibus
1213 716 1446 765 ayfiamentis
1481 716 1748 764 prenominatis
1784 722 1913 752 contra

336 797 460 820 omnes
487 785 653 820 homines
681 791 718 821 et
743 785 896 821 feminas
920 785 1013 821 diae
1038 785 1161 821 domui
1188 785 1457 833 imperpetuum
1478 785 1798 821 warantizabimus
1815 785 1911 821 -hiis

335 854 484 890 testibus
511 854 660 889 domino
688 854 861 889 Johanne
888 855 934 890 de
963 854 1135 890 Morham
1165 853 1287 889 Adam
1317 854 1471 900 persona
1498 854 1612 889 fratre
1645 854 1720 889 eius
1755 853 1909 890 Hutrith

335 923 526 971 capellano
562 923 729 959 W'altero
765 923 960 959 senescallo
997 922 1204 970 Reginaldo
1240 923 1427 958 Willehno
1471 923 1673 971 capellanis
1709 923 1754 959 de
1791 922 1911 959 Soltre

334 992 495 1028 Ricardo
516 991 650 1027 clerieo
671 991 833 1027 Ricardo
852 991 1027 1027 seruitore
1048 997 1083 1027 et
1102 991 1225 1027 multis
1244 991 1334 1027 aliis.

336 1141 451 1178 Carta
466 1140 626 1177 Eustacii
646 1141 691 1176 de
709 1139 891 1177 Stutteuel
911 1140 956 1175 de
971 1140 1111 1175 duabus
1128 1139 1270 1187 skeppis
1289 1140 1407 1175 farine
1426 1152 1627 1176 auenarum
1647 1141 1744 1189 apud
1760 1141 1908 1177 Ledale.

333 1249 528 1303 Omnibus
548 1266 666 1301 sanae
684 1265 812 1301 matris
831 1264 980 1300 ecclefie
999 1264 1081 1299 filiis
1107 1263 1312 1311 presentem
1339 1267 1476 1298 cartam
1496 1262 1624 1298 visuris
1645 1264 1702 1299 vel
1730 1266 1909 1301 audituris

332 1335 524 1371 Eustacius
556 1336 601 1370 de
631 1334 790 1370 Stuteuil
820 1334 973 1369 salutem
1005 1338 1170 1368 eternam
1203 1332 1241 1366 in
1273 1331 1436 1366 Domino
1465 1352 1472 1359 ·
1502 1331 1662 1368 Nouerit
1694 1334 1908 1370 vniuersltas

332 1405 452 1439 vestra
478 1417 536 1439 me
564 1403 727 1439 caritatis
756 1402 892 1438 intuitu
922 1408 958 1438 et
984 1414 1052 1449 pro
1082 1400 1203 1437 anima
1228 1399 1344 1447 patris
1371 1399 1443 1434 mei
1471 1406 1507 1436 et
1532 1400 1658 1436 matris
1685 1414 1764 1438 mee
1791 1409 1826 1438 et
1844 1416 1909 1451 pro

333 1473 522 1508 animabus
550 1472 713 1507 omnium
741 1470 1005 1507 antecessorum
1034 1482 1199 1505 meorum
1227 1474 1263 1504 et
1289 1468 1525 1504 successorum
1555 1469 1759 1506 coneeflifl'e
1784 1477 1820 1507 et
1842 1471 1910 1508 hac

332 1541 490 1588 presenti
519 1547 621 1577 carta
647 1554 729 1576 mea
757 1539 983 1576 confirmasse
1012 1539 1049 1574 in
1076 1551 1204 1587 puram
1233 1544 1269 1574 et
1296 1543 1511 1586 perpetuam
1531 1537 1752 1575 elimosinam
1772 1539 1856 1576 Deo
1876 1547 1911 1576 et

333 1610 457 1645 domui
479 1609 609 1647 sanae
630 1609 825 1645 Trinitatis
853 1609 898 1644 de
929 1608 1049 1645 Soltre
1077 1614 1113 1643 et
1138 1607 1312 1643 fratribus
1339 1607 1474 1642 ibidem
1498 1607 1581 1642 Deo
1608 1608 1850 1644 seruientibus
1876 1617 1911 1645 et

333 1680 597 1727 imperpetuum
630 1678 819 1714 seruituris
851 1677 1094 1713 donacionem
1130 1675 1211 1724 ipsis
1246 1676 1379 1711 faaam
1413 1689 1434 1710 a
1470 1675 1617 1711 domino
1647 1676 1832 1712 Nicholao
1865 1679 1909 1713 de

333 1748 490 1784 Stuteuil
517 1748 655 1784 scilicet
680 1748 770 1783 duas
798 1747 946 1794 sceppas
973 1745 1091 1781 farine
1119 1758 1236 1780 auene
1263 1744 1450 1780 annuatim
1479 1744 1736 1791 percipiendas
1755 1746 1800 1781 de
1820 1746 1855 1782 se
1875 1754 1909 1782 et

333 1817 529 1853 heredibus
548 1817 619 1852 suis
646 1817 693 1852 ad
712 1815 851 1851 Pascha
876 1815 921 1850 de
947 1813 1121 1862 granario
1148 1813 1211 1848 suo
1236 1813 1332 1861 apud
1350 1812 1470 1860 Lydel
1489 1833 1496 1840 ·
1514 1812 1562 1847 Et
1582 1818 1620 1848 vt
1637 1812 1705 1848 hee
1724 1826 1806 1849 mea
1825 1827 1908 1850 con-

333 1886 439 1921 eeffio
471 1892 507 1921 et
537 1884 772 1921 confirmacio
804 1889 885 1919 rata
916 1888 1062 1918 maneat
1096 1882 1367 1929 imperpetuum
1399 1887 1435 1916 et
1465 1879 1674 1916 inconcussa
1703 1883 1908 1929 presentem

334 1961 471 1990 cartam
502 1953 608 2001 sigilli
639 1953 712 1988 mei
744 1951 946 1987 munimine
980 1950 1154 1986 roboraui
1174 1973 1181 1980 ·
1201 1950 1272 1985 hiis
1303 1949 1453 1985 testibus
1486 1948 1634 1985 domino
1662 1949 1826 1986 Roberto
1862 1953 1907 1987 de

333 2023 469 2058 Dunde
495 2022 685 2070 capellano
712 2020 859 2056 domino
890 2020 1052 2056 Ricardo
1080 2020 1124 2055 de
1153 2018 1371 2067 Streuelyne
1399 2018 1588 2066 capellano
1617 2019 1772 2054 dominis
1797 2019 1906 2068 Rigo-

333 2092 443 2127 naldo
466 2097 502 2127 et
521 2090 709 2127 Willelmo
734 2090 779 2125 de
805 2089 924 2125 Soltre
952 2088 1152 2136 capellanis
1184 2087 1332 2123 domino
1356 2087 1519 2123 Roberto
1547 2087 1592 2122 de
1619 2086 1905 2136 Trumpyntoun

334 2160 445 2195 milite
465 2159 638 2207 magistro
657 2158 830 2194 Johanne
849 2158 894 2193 de
914 2156 1069 2193 Kelkow
1090 2163 1125 2192 et
1144 2156 1266 2192 multis
1285 2155 1377 2191 aliis.
