2147 2964
932 309 1117 346 INDEX.
1708 315 1778 352 357

300 410 348 443 95,
363 411 428 446 112,
445 410 510 444 116,
529 410 594 445 123,
613 410 677 445 127,
693 410 758 445 131,
773 409 837 445 135,
852 409 991 444 145-150,
1046 408 1196 446 Lestalrig,
1212 408 1300 438 altare
1316 409 1419 438 Sancte
1435 409 1578 439 Triduane
1593 410 1728 440 situatum
1750 412 1776 440 in

300 462 367 490 278.
1084 461 1209 489 inferiori
1224 461 1317 490 insula
1330 461 1443 498 collegii
1457 461 1500 497 (10,
1517 463 1584 490 285.

260 513 352 549 Leith,
362 512 520 550 capellania
529 516 558 541 et
566 512 709 551 prebenda
719 512 820 550 Operis
826 511 941 549 Regalis
949 512 992 546 de,
1138 513 1263 541 bellinus
1277 513 1384 541 domini
1398 513 1442 550 de,
1457 515 1519 542 vide
1532 514 1688 544 Forrestar.

300 566 361 593 vide
373 565 527 602 Lestalrig.
1137 565 1255 593 baronia
1269 565 1312 601 de,
1329 566 1429 601 84-86,
1445 567 1492 602 90,
1509 567 1555 602 93,
1569 567 1615 603 95,
1631 568 1695 603 112,
1712 569 1776 603 116,

352 617 457 652 Dauid,
473 618 537 654 150,
555 617 622 646 153.
1087 617 1151 653 123,
1170 618 1235 653 127,
1252 618 1392 653 145-149,
1411 619 1475 654 153,
1494 619 1558 646 155.

351 668 445 698 incola
471 668 540 697 ville
568 668 611 704 de,
637 668 700 697 vide
724 667 849 704 Balfour,
878 668 991 704 Barcar,
1044 685 1116 690 ·—
1137 669 1296 706 capellania.
1323 674 1351 698 et
1379 670 1521 707 prebenda
1549 670 1647 699 Insule
1673 670 1776 700 Sancte

299 720 418 756 Blasszie,
430 721 534 756 Broun,
542 720 626 756 Cant,
637 720 751 756 Clnnes,
762 720 991 757 Cunninghame,
1084 720 1229 749 Triduane
1243 721 1272 749 in
1284 721 1403 750 ecclesia
1412 722 1563 759 collegiata
1573 723 1616 759 de,
1628 724 1694 759 280,
1708 724 1773 759 281,

297 772 321 800 F
324 772 456 808 alconair,
483 772 609 808 Fischer,
633 772 747 809 Flucar,
764 771 830 809 Gib,
854 771 991 809 Gourlay,
1083 773 1150 801 284.

296 824 370 861 Leis,
399 824 508 862 Logan,
541 824 629 861 Pedy,
666 824 741 860 Scot,
779 823 878 862 Spens,
908 823 990 860 Wod,
1136 823 1296 862 capellania
1306 828 1336 853 et
1348 825 1491 862 prebenda
1503 825 1603 864 Operis
1615 827 1730 864 Regalis
1741 828 1774 856 (10

296 876 417 905 Wricht.
1082 876 1167 904 Leith
1189 876 1218 904 in
1240 876 1359 905 ecclesia
1378 877 1530 915 collegiata
1550 878 1594 915 de,
1617 880 1684 914 278,
1707 881 1773 914 279,

255 928 385 957 -—-1ie
400 928 493 957 schoir
507 932 536 957 et
550 928 611 966 peir
624 928 668 963 de,
686 929 752 964 131,
771 929 837 957 135.
1083 929 1150 964 281,
1167 929 1235 958 283.

255 997 334 1003 --
349 980 429 1019 Opus
443 979 551 1017 Regale
566 980 610 1016 de,
626 981 693 1015 281,
710 981 778 1016 283,
794 980 862 1008 284.
1135 980 1294 1018 capellania
1313 990 1362 1009 seu
1383 982 1526 1019 prebenda
1539 982 1685 1012 Rossensis
1702 984 1773 1022 epis-

347 1037 445 1071 portus
458 1032 502 1068 de,
518 1033 586 1061 279.
1082 1032 1145 1070 copi
1159 1032 1189 1060 in
1200 1033 1318 1061 ecclesia
1329 1033 1480 1071 collegiata
1491 1034 1534 1070 de,
1548 1036 1614 1071 288,
1627 1036 1694 1071 289,
1706 1037 1772 1064 291.

348 1089 420 1114 terre
435 1085 478 1121 de,
495 1086 561 1113 143.
1135 1084 1300 1122 capellanus
1320 1085 1475 1123 capellanie
1491 1086 1637 1115 Rossensis
1654 1087 1774 1125 episcopi

253 1154 332 1160 —
347 1137 418 1166 villa
431 1137 474 1173 de,
492 1138 538 1172 65,
555 1138 604 1172 67,
619 1137 666 1172 82,
683 1137 784 1172 84-86,
807 1137 854 1172 90,
877 1137 925 1170 93,
941 1138 988 1173 95,
1082 1136 1110 1164 ἰι]
1124 1136 1243 1165 00010510
1258 1136 1410 1174 collegiata.
1424 1137 1467 1173 dc,
1484 1139 1541 1166 vide
1556 1138 1703 1168 Newtone.

297 1191 362 1224 116,
387 1190 452 1226 123,
478 1190 543 1225 127,
569 1190 633 1224 131,
662 1190 727 1224 135,
756 1189 820 1225 143,
849 1190 988 1224 145-150,
1135 1188 1268 1217 Decanus
1285 1189 1402 1217 ecclesie
1423 1189 1572 1226 collegiate
1587 1190 1630 1226 de,
1646 1191 1707 1219 vide
1722 1191 1773 1219 Co-

297 1243 361 1278 153,
387 1243 452 1278 154,
477 1242 542 1277 165,
567 1242 632 1276 167,
658 1242 723 1277 172,
750 1241 814 1277 187,
837 1242 904 1277 224,
921 1242 988 1277 296,
1082 1241 1184 1277 vintre,
1200 1241 1335 1277 Diksone,
1351 1241 1462 1277 Fraser,
1477 1240 1615 1270 Gibsoun.

295 1295 364 1324 297.
1135 1292 1266 1321 dominus
1279 1292 1322 1329 de,
1337 1293 1399 1321 vide
1414 1293 1523 1330 Logan.

255 1346 435 1384 Leithwynd,
446 1346 526 1374 vicus
536 1345 632 1383 regius
642 1348 831 1383 nuncupatus,
845 1345 980 1381 150‚153‚
1135 1344 1265 1372 dominus
1279 1344 1404 1373 Thomas
1417 1345 1460 1380 de,
1477 1346 1523 1381 16,
1539 1346 1585 1374 49.

295 1400 363 1434 244,
379 1399 446 1434 252,
463 1399 531 1427 256.
1135 1396 1254 1424 ecclesia.
1276 1395 1427 1434 collegiata.
1451 1396 1554 1425 Sancte
1576 1397 1725 1426 Trinitatis
1746 1404 1773 1427 et

255 1450 426 1488 Lekpreuik,
462 1449 634 1487 Lekprevik,
670 1449 836 1487 Likprevik,
866 1449 991 1478 Cristina
1077 1449 1165 1476 Beate
1181 1448 1270 1476 Μαι-10
1285 1448 1328 1485 de,
1345 1449 1487 1477 273-292.

296 1502 399 1531 Calder
413 1512 515 1540 sponsa
529 1502 548 1530 J
551 1501 658 1537 oannis,
677 1502 742 1536 113,
760 1502 825 1529 150.
1133 1500 1251 1528 ecclesia
1265 1499 1434 1537 parochialis
1447 1500 1490 1536 de,
1505 1501 1573 1536 274,
1587 1502 1654 1530 282.

348 1555 483 1590 Joaunes,
505 1553 655 1591 burgensis
674 1553 759 1590 burgi
777 1553 988 1582 Vicicanonico-
1042 1568 1119 1573 -——
1134 1552 1285 1589 Philippus
1299 1551 1462 1589 capellanus
1476 1551 1519 1589 de,
1538 1554 1583 1581 16.

296 1617 358 1635 rum
372 1611 401 1635 et
415 1606 449 1635 de
465 1605 644 1643 Edinburgh,
663 1606 728 1642 113,
747 1606 812 1634 150.
1134 1603 1274 1641 prebende
1302 1604 1336 1632 de
1362 1604 1439 1641 Buyt
1467 1614 1516 1633 seu
1542 1605 1709 1641 sacristaria,
1739 1607 1773 1634 de

258 1658 439 1697 Lempetlaw,
455 1657 635 1696 Lempitlaw,
658 1657 836 1695 Limpetlaw,
853 1658 988 1695 Lympat-
1082 1656 1160 1694 Buyt
1185 1655 1323 1691 Secundo,
1349 1656 1383 1684 de
1409 1656 1486 1694 Buyt
1507 1657 1615 1691 Tercio,
1641 1657 1675 1686 de
1698 1658 1773 1695 Buyt

296 1711 359 1746 law,
376 1710 564 1748 Lympetlaw,
579 1710 710 1738 dominus
725 1709 769 1746 de,
784 1710 846 1738 vide
861 1709 989 1738 Germin.
1082 1708 1198 1744 Quarto,
1211 1708 1245 1736 de
1260 1708 1338 1745 Buyt
1353 1707 1467 1745 Quinto,
1487 1712 1515 1737 et
1529 1709 1563 1737 de
1579 1709 1656 1746 Buyt
1676 1709 1771 1743 Sexto,

349 1763 468 1792 ecclesia.
488 1762 532 1798 de,
555 1764 602 1796 22,
619 1763 666 1796 48,
683 1763 729 1799 65,
746 1763 812 1797 107,
835 1763 902 1798 247,
922 1763 989 1796 252,
1081 1760 1111 1788 in
1126 1759 1244 1788 ecclesia
1257 1759 1409 1797 collegiata
1423 1760 1466 1796 de,
1482 1761 1550 1789 284.

297 1817 364 1851 255,
381 1816 449 1843 257·
1134 1811 1252 1848 reliquie
1268 1811 1372 1840 Sancte
1387 1812 1531 1841 Triduane
1552 1813 1580 1841 in
1595 1813 1714 1842 ecclesia
1727 1814 1770 1846 (10,

350 1872 543 1896 tenementum
564 1866 610 1895 vel
633 1865 803 1895 territorium
824 1865 868 1901 de,
891 1867 918 1901 9,
941 1868 988 1902 26,
1081 1864 1149 1892 285.

1134 1915 1225 1944 scriba
1239 1915 1314 1943 curie
1329 1915 1372 1951 de,
1387 1916 1448 1944 vide
1463 1915 1632 1946 Thomsone.

1134 1973 1206 1995 terre
1221 1967 1264 2002 de,
1281 1969 1348 1995 277.

298 1920 345 1948 50.

351 1975 426 2000 terra
435 1980 490 2008 que
503 1974 620 1999 vocatur
627 1969 773 1998 Welleflat
787 1969 815 1998 in
830 1973 989 1999 tenemento

297 2024 340 2058 de,
357 2024 384 2060 9,
399 2024 446 2052 50.
1134 2019 1203 2047 villa
1216 2019 1260 2055 de,
1278 2020 1323 2055 16,
1339 2021 1406 2047 277.

351 2076 474 2104 vicarius
512 2074 705 2113 pensionarius
739 2073 782 2110 de,
820 2075 876 2101 vide
910 2073 988 2109 Stob,
1042 2071 1185 2107 Leswade,
1214 2071 1352 2106 Leswaffl,
1382 2071 1500 2100 ecclesia
1530 2071 1700 2110 parochialis
1727 2073 1769 2107 (10,

299 2127 414 2164 Yhong.
1081 2123 1222 2158 273-275,
1238 2124 1305 2159 260,
1321 2124 1388 2159 283,
1405 2124 1472 2152 316.

260 2181 348 2217 Leny,
362 2179 425 2208 vide
438 2179 545 2216 Lanye.
1042 2174 1188 2211 Lethame‚
1207 2175 1344 2211 Lethane,
1367 2175 1497 2204 dominus
1517 2180 1545 2204 et
1566 2176 1701 2213 magister
1720 2176 1770 2205 Jo—

260 2231 423 2267 Lermonth,
439 2232 502 2259 vide
516 2229 678 2259 Leirmond.
1078 2227 1195 2263 hannes,
1211 2226 1326 2255 ecclesie
1346 2227 1494 2264 collegiata
1511 2227 1692 2257 sanctissime
1707 2228 1770 2256 Tri-

260 2284 409 2321 Lestalrig,
426 2282 585 2320 Lestalryk,
602 2281 754 2318 Restalrig,
771 2281 868 2317 Agnes
889 2289 990 2318 sponsa
1078 2279 1177 2307 nitatis
1187 2289 1272 2316 prope
1283 2279 1397 2316 opidum
1410 2279 1570 2316 Edinburgi
1584 2280 1769 2315 subdecanus,

298 2335 405 2365 domini
419 2334 528 2363 'rhome
543 2334 586 2369 de,
605 2335 651 2362 16.
1080 2331 1125 2367 73,
1143 2333 1189 2367 74,
1205 2331 1252 2366 89,
1270 2332 1335 2366 103,
1354 2332 1418 2367 193,
1435 2332 1502 2367 206,
1519 2332 1585 2367 207,
1602 2332 1743 2360 210-212.

352 2386 462 2416 Alanus
476 2385 640 2424 capellanus
652 2384 696 2420 de,
714 2385 759 2412 16.
1039 2383 1183 2418 Leuenax,
1199 2382 1344 2418 Levenax,
1366 2382 1496 2411 dominus
1513 2383 1661 2421 Robertus‚
1684 2384 1712 2412 in
1728 2394 1770 2412 ar-

349 2439 439 2468 altare
450 2438 538 2467 Beate
549 2436 687 2466 Jeronimi
699 2436 728 2464 in
740 2435 859 2465 ecclesia
869 2434 911 2472 de,
921 2435 989 2464 288.
1080 2434 1157 2463 tibus
1171 2434 1305 2472 magister
1315 2440 1344 2463 et
1358 2435 1387 2463 in
1398 2434 1518 2464 decretis
1528 2435 1710 2472 baccalarius,
1725 2438 1771 2465 73.

993 2489 1042 2514 22
