2147 2964
372 280 443 312 21⁶2
671 275 985 312 REGISTRUM
1012 274 1268 312 ECCLESIE
1299 274 1640 312 COLLEGIATE

372 375 636 423 prebendarios
654 381 690 411 et
709 375 919 423 capellanos
938 374 1158 422 subscriptos
1186 380 1316 410 contra
1336 381 1372 410 et
1391 374 1564 410 aduersus
1590 375 1751 422 prefatos
1771 375 1950 410 decanum

373 451 408 480 et
427 445 671 480 subdecanum
700 444 799 480 circa
825 444 991 479 diuinum
1016 444 1154 480 cultum
1182 456 1249 492 per
1267 444 1411 479 eosdem
1436 444 1473 479 in
1493 443 1639 491 prefata
1657 443 1808 480 eeclefla
1827 444 1951 492 vigore

373 513 603 548 fundacionis
633 513 692 548 seu
722 513 984 548 fundacionum
1017 513 1219 549 eorundem
1251 513 1415 549 debitum
1447 518 1484 549 et
1515 513 1664 548 minime
1696 512 1949 548 obseruatum·

373 582 469 629 quod
489 582 576 618 licet
594 582 727 629 prefati
753 582 914 617 decanus
942 587 978 617 et
1004 581 1233 617 subdecanus
1261 594 1304 617 ex
1332 582 1554 617 fundacione
1583 582 1643 617 seu
1670 581 1950 617 fundacionibus

373 651 572 693 eorundem
600 656 773 686 tenentur
796 649 864 685 esse
893 650 1094 698 qualificati
1117 651 1156 686 in
1185 657 1295 687 cantu
1323 657 1359 686 et.
1379 651 1544 687 discantu
1564 657 1716 699 vterque
1744 656 1780 687 et
1802 650 1951 685 vlterius

373 720 489 755 dietus
516 720 744 755 subdecanus
772 719 817 754 ad
845 719 1046 754 ludendum
1074 720 1222 767 organis
1250 720 1364 756 eciam
1392 720 1612 768 perimplere
1637 726 1673 755 et
1691 720 1809 755 subire
1829 719 1951 754 omnia

374 795 409 824 et·
428 787 569 836 singula
587 789 623 823 in
643 788 761 835 prima
779 788 1002 823 fundacione
1032 787 1243 835 statutisque
1271 789 1359 824 affis
1386 795 1422 824 et
1447 788 1768 824 consuetudinibus
1787 788 1949 823 laudabi-

372 858 467 893 libus
486 857 580 892 diue
609 856 758 892 ecclesie
787 862 960 892 contenta
987 862 1025 892 vt
1053 857 1166 893 ceteri
1193 857 1430 904 prebendarii
1456 857 1616 893 eiusdem
1635 863 1745 904 prout
1763 857 1801 891 in
1821 856 1949 891 funda-

374 927 539 962 cionibus
568 925 739 973 prediffls
771 931 858 961 tunc
887 924 1033 961 ostensis
1066 932 1102 961 et
1132 925 1303 973 perletffls
1336 939 1378 961 ac
1410 939 1477 974 pro
1508 925 1678 974 expreffis
1709 938 1774 972 per
1806 924 1949 960 eosdem

373 995 505 1032 habitis
534 995 649 1031 lacius
679 994 888 1030 continetur
909 1016 915 1023 ·
936 994 974 1029 in
1004 994 1135 1041 quibus
1164 994 1446 1030 fundacionibus
1477 1000 1628 1030 cauetur
1652 994 1734 1030 casu
1763 1006 1834 1041 quo
1863 993 1949 1028 diffi

373 1065 534 1101 decanus
548 1070 583 1100 et
598 1064 824 1100 subdecanus
841 1076 915 1098 non
936 1063 1073 1098 fuerint
1090 1069 1129 1098 ut
1147 1063 1369 1111 premittitur
1384 1063 1582 1110 qualificati
1606 1063 1705 1110 quod
1722 1062 1831 1097 liceat
1846 1061 1949 1097 diuis

372 1133 554 1181 preposito
581 1139 616 1168 et
638 1131 889 1179 prebendariis
918 1143 986 1178 pro
1017 1138 1181 1179 tempore
1209 1131 1446 1167 existentibus
1475 1131 1568 1179 ipsos
1598 1132 1778 1166 decanum
1806 1137 1841 1165 et
1871 1130 1948 1164 sub-

374 1202 552 1237 decanum
585 1207 622 1236 et
654 1201 813 1247 ipsorum
845 1199 1045 1246 quemlibet
1076 1212 1149 1234 non
1183 1200 1431 1246 qualificatum
1463 1200 1539 1247 ipso
1566 1200 1661 1235 fusto
1691 1211 1882 1234 remouere
1913 1206 1949 1234 et

374 1270 484 1306 alium
504 1271 565 1305 seu
582 1269 671 1305 alios
691 1268 940 1315 qualificatum
969 1268 1030 1302 seu
1057 1268 1283 1314 qualificatos
1310 1268 1348 1303 in
1376 1268 1457 1303 loco
1476 1268 1606 1303 remoti
1635 1268 1822 1315 imponere
1842 1273 1877 1302 et
1896 1266 1948 1302 in·

373 1339 521 1373 stitucre
550 1330 723 1372 consensu
751 1335 927 1370 ordinarii
955 1335 1013 1370 cui
1041 1335 1229 1382 disposicio
1254 1341 1290 1371 et
1315 1335 1468 1371 collacio
1484 1336 1730 1384 prediuorum
1750 1335 1948 1370 decanatus

373 1413 408 1442 et
427 1406 689 1441 subdecanatus
709 1404 870 1451 spestare
896 1410 932 1440 et
957 1404 1145 1451 pertinere
1173 1405 1478 1441 condicionaliter
1497 1412 1534 1441 vt
1552 1405 1775 1454 premittitur
1795 1403 1949 1439 dinosci-

372 1481 431 1510 tur
449 1474 599 1509 minime
619 1472 792 1520 requisito
812 1473 871 1508 seu
895 1474 1099 1520 exspectato
1119 1480 1154 1509 et
1174 1475 1271 1521 quod
1298 1475 1362 1522 ipfi
1383 1475 1544 1511 decanus
1563 1480 1598 1510 et
1615 1474 1840 1510 subdecanus
1859 1472 1947 1508 licet

372 1545 460 1580 alias
478 1546 515 1579 in
528 1543 678 1579 diuersis
697 1543 814 1579 literis
833 1542 944 1578 sacris
960 1543 1187 1579 venerabiles
1207 1550 1243 1579 et
1261 1544 1434 1591 perdotte
1454 1545 1606 1591 persone
1626 1542 1784 1578 existunt
1799 1548 1945 1577 tenores

372 1620 494 1649 tamen
514 1613 777 1648 fundacionum
803 1612 1050 1659 predictarum
1077 1612 1297 1661 perimplere
1324 1612 1502 1660 nequiunt
1529 1625 1648 1659 neque
1675 1611 1767 1647 alius
1794 1623 1862 1646 nec
1882 1610 1943 1646 alii

372 1682 530 1729 ipsorum
550 1681 667 1717 vicem
692 1680 856 1729 supplere
876 1680 1003 1728 vigore
1023 1681 1201 1716 diffluum
1228 1681 1487 1717 fundacionum
1514 1680 1675 1716 substitui
1697 1680 1841 1716 valeant
1859 1679 1946 1726 quia

372 1752 418 1786 ad
435 1750 663 1798 personalem
682 1755 717 1785 et
738 1749 949 1785 continuam
974 1749 1212 1785 refidenciam
1240 1750 1278 1784 in
1300 1750 1433 1785 eisdem
1452 1749 1733 1785 fundacionibus
1752 1748 1887 1783 astricti
1907 1757 1943 1782 et

372 1820 515 1855 fundati
535 1820 693 1855 existunt
713 1840 720 1847 -
740 1818 811 1865 Ipfi
833 1831 919 1853 vero
939 1818 1099 1853 decanus
1127 1824 1163 1854 et
1181 1819 1407 1854 subdecanus
1426 1817 1667 1865 personaliter
1686 1816 1880 1852 existentes
1899 1829 1942 1851 ac

372 1896 494 1924 reatus
513 1889 593 1923 suos
615 1888 652 1923 in
672 1886 849 1934 premiffis
877 1887 1137 1934 cognoscentes
1165 1899 1238 1922 non
1262 1886 1435 1934 compulsi
1455 1899 1574 1933 neque
1595 1885 1709 1921 eoaffi
1727 1885 1788 1920 sed
1806 1885 1942 1932 pietate

372 1965 408 1993 et
427 1956 656 1992 consciencia
682 1955 772 1990 moti
799 1954 946 1990 confeffi
975 1955 1056 1990 sunt
1075 1960 1111 1990 et
1130 1955 1284 2002 quilibet
1303 1956 1463 2002 ipsorum
1484 1955 1660 1990 confessus
1679 1954 1732 1990 est
1750 1954 1784 1989 se
1804 1954 1842 1988 in
1860 1966 1941 2001 pre-

371 2024 479 2060 miffis
502 2024 670 2060 omnibus
696 2029 732 2059 et
759 2023 908 2071 singulis
934 2021 1035 2058 fuisse
1068 2029 1104 2059 et
1131 2023 1199 2059 effe
1229 2023 1430 2071 culpabiles
1455 2036 1498 2059 ac
1526 2029 1653 2059 tenore
1681 2022 1941 2057 fundacionum

370 2093 574 2128 huiusmodi
600 2092 740 2140 priuari
769 2097 805 2127 et
831 2091 1015 2126 remoueri
1042 2091 1173 2138 dignos
1201 2104 1242 2127 ac
1270 2092 1304 2127 se
1332 2098 1368 2127 et
1394 2092 1552 2139 ipsorum
1580 2091 1778 2138 quemlibet
1796 2102 1940 2126 necnon

372 2162 590 2197 decanatum
622 2167 658 2196 et
688 2160 972 2196 subdecanatum
1007 2159 1209 2195 huiusmodi
1240 2160 1447 2207 fruausque
1478 2159 1644 2195 redditus
1675 2165 1711 2195 et
1739 2163 1939 2206 prouentus

374 2230 571 2265 eorundem
599 2229 751 2265 arbitrio
771 2228 951 2263 voluntati
973 2227 1198 2276 disposicioni
1227 2234 1262 2263 et
1288 2228 1413 2276 gracie
1441 2228 1686 2274 predi&orum
1714 2225 1884 2274 prepositi
1904 2231 1939 2260 et

374 2298 699 2344 prebendariorum
718 2296 1001 2343 subscriptorum
1019 2309 1111 2343 pure
1131 2303 1166 2332 et
1185 2295 1395 2343 simpliciter
1410 2295 1661 2331 submittentes
1679 2294 1726 2329 fic
1741 2293 1839 2340 quod
1854 2293 1937 2328 diffi

376 2366 576 2412 prepositus
595 2372 630 2401 et
648 2365 882 2412 prebendarii
900 2377 968 2412 pro
988 2365 1245 2400 obseruacione
1264 2364 1443 2399 difitarum
1462 2363 1723 2399 fundacionum
1740 2369 1776 2398 et
1791 2362 1939 2398 statuto-

378 2445 457 2468 rum
484 2433 645 2480 prcdi&e
665 2433 857 2480 collegiate
878 2431 1027 2468 ecclesie
1046 2433 1082 2467 in
1103 2433 1229 2468 diuino
1250 2433 1349 2467 cultu
1368 2432 1406 2466 in
1425 2431 1551 2466 eadem
1571 2430 1693 2466 debite
1713 2431 1938 2467 obseruando
