2147 2964
86 1818 128 1850 13

807 285 878 322 DE
906 286 1125 322 DALKET
1132 287 1178 322 H.
1710 292 1782 324 323

212 382 258 416 ad
293 383 442 418 verbum
474 383 643 419 habenda
674 385 716 420 sit
755 385 792 419 in
824 385 954 420 nostris
986 385 1101 421 literis
1132 387 1274 422 mencio
1313 386 1476 433 specialis
1508 387 1650 434 prouiso
1683 389 1780 434 quod

211 449 303 485 diste
332 451 560 498 parochiales
587 452 736 488 ecclesie
763 459 914 500 propter
942 453 1170 489 ereceionem
1197 454 1397 489 huiusmodi
1426 455 1556 490 debitis
1583 468 1656 491 non
1684 456 1780 491 frau—

210 517 343 553 dentur
362 519 541 566 obsequiis
561 526 597 555 et
618 520 821 555 animarum
849 533 937 556 eura
964 521 1000 556 in
1029 521 1080 556 eis
1108 521 1315 557 nullatenus
1342 522 1550 569 negligatur
1569 544 1576 551 ·
1596 536 1661 558 nos
1680 524 1776 559 enim

209 596 251 619 ex
272 598 370 621 nune
389 587 532 623 irritum
553 588 784 623 decernimus
811 595 847 624 et
874 589 984 624 inane
1012 589 1036 623 fi
1064 590 1164 624 secus
1192 590 1297 636 super
1318 590 1388 625 hiis
1407 603 1428 625 a
1446 603 1627 637 quoquam
1648 592 1776 638 quauis

208 655 422 690 auum-itate
439 656 594 691 scienter
615 657 672 692 uel
691 657 905 704 ignoranter
924 656 1121 703 eontigerit
1140 656 1348 703 attemptari
1363 679 1370 685 ·
1387 657 1525 692 Datum
1545 657 1660 693 Rome
1679 659 1775 705 apud

209 720 380 757 Sanctum
400 722 551 758 Petrum
570 737 667 759 anno
694 724 970 760 Incarnacionis
989 723 1186 759 Dominice
1212 724 1400 759 millesimo
1420 725 1774 773 quadringentesimo

204 790 465 837 septuagesimo
484 792 613 838 quinto
632 792 761 838 quinto
780 792 863 827 idus
883 791 1105 827 Nouembris
1124 792 1354 839 pontificatus
1372 793 1485 828 nostri
1504 806 1600 828 anno
1620 794 1746 841 quinto
1765 816 1772 823 ·

205 857 306 894 POST
321 859 625 906 quarumquidem
641 859 830 895 literarum
848 859 1126 907 apostolicarum
1142 860 1456 906 presentacionem
1471 868 1506 897 et
1521 863 1773 909 recepcionem

203 927 307 961 nobis
334 933 370 962 et
394 940 460 974 per
487 940 553 962 nos
581 934 618 963 vt
648 928 873 975 premittitur
899 928 1011 963 saetas
1038 927 1170 962 fuimus
1197 940 1261 975 per
1288 929 1444 964 eundem
1472 930 1630 965 nobilem
1655 930 1771 966 virum

203 993 371 1029 comitem
391 995 437 1030 de
457 994 632 1031 Mortoun
660 1002 695 1031 et
723 996 909 1031 dominum
935 997 980 1031 de
999 995 1164 1032 Dalketh
1192 995 1377 1031 humiliter
1404 998 1565 1043 requisiti
1593 1005 1770 1045 quatenus

201 1064 248 1098 ad
267 1064 526 1099 execucionem
555 1065 754 1100 earundem
782 1065 980 1100 secundum
1008 1066 1159 1100 formam
1188 1071 1223 1100 et
1251 1066 1416 1101 effeuum
1436 1080 1457 1102 a
1476 1066 1556 1102 sede
1576 1067 1771 1115 apostolica

201 1131 305 1166 nobis
333 1132 509 1167 directam
537 1133 740 1179 procedere
767 1133 1004 1180 dignaremur
1027 1155 1038 1162 -
1068 1133 1147 1168 Nos
1178 1133 1290 1181 igitur
1317 1134 1565 1170 Archibaldus
1592 1135 1770 1171 archidia—

201 1211 314 1234 conus
358 1200 464 1235 iudex
505 1201 726 1247 prescriptus
767 1206 833 1236 ete.
912 1201 1025 1249 [Vide
1062 1201 1269 1248 Registrum
1310 1201 1474 1237 Honoris
1514 1203 1559 1238 de
1595 1203 1769 1239 Mortoun

201 1267 270 1302 vol.
302 1267 338 1303 ii.
371 1281 406 1314 p.
444 1267 546 1315 229]
601 1268 715 1315 Apud
750 1269 1009 1304 monasterium
1052 1268 1183 1304 sanae
1229 1269 1359 1305 Crucis
1402 1283 1515 1318 prope
1550 1271 1767 1320 Edjnburgh

198 1335 340 1370 decimo
373 1336 524 1382 septimo
556 1336 615 1371 die
650 1336 780 1373 mensis
816 1337 907 1372 Maii
945 1350 1041 1372 anno
1078 1336 1229 1372 Domini
1266 1337 1454 1373 millesimo
1486 1340 1766 1387 quadringente-

198 1403 284 1438 simo
308 1404 570 1452 septuagesimo
597 1405 748 1452 septimo
769 1412 837 1441 etc.
894 1405 1007 1454 [Vide
1027 1405 1234 1453 Registrum
1257 1405 1418 1442 Honoris
1437 1407 1482 1442 de
1502 1407 1676 1444 Mortoun
1697 1410 1765 1444 vol.

196 1472 230 1506 ii.
250 1485 285 1518 p.
307 1471 408 1520 234]

198 1677 312 1713 Carta
331 1677 652 1714 admortizacionis
671 1678 830 1725 magistri
852 1678 1056 1714 Alexandri
1077 1678 1211 1714 Giffert
1231 1680 1379 1714 ream-is
1399 1680 1443 1715 de
1464 1680 1687 1716 Newlandis.

193 1796 377 1850 JACOBUS
404 1839 409 1846 .
430 1840 437 1847 .
461 1840 467 1846 .
487 1825 550 1847 rex
578 1812 770 1848 Scotorum
798 1814 964 1849 omnibus
985 1843 992 1849 .
1014 1843 1020 1849 .
1043 1842 1050 1849 .
1073 1815 1206 1851 Sciatis
1233 1827 1298 1850 nos
1323 1816 1505 1862 quandam
1533 1823 1670 1852 cartam
1691 1845 1698 1852 .
1721 1846 1729 1853 .
1753 1846 1760 1853 .

195 1879 407 1916 intellexisse
426 1880 488 1915 sub
507 1880 576 1915 hac
595 1880 712 1916 forma
728 1901 734 1907 ·
750 1880 966 1917 Vmumzffls
989 1881 1098 1918 Cristi
1117 1882 1283 1917 fidelibus
1303 1912 1308 1916 .
1333 1910 1339 1917 .
1360 1910 1368 1917 .
1390 1883 1602 1919 Alexander
1618 1885 1761 1921 Gifferd

195 1950 314 1984 ream·
334 1949 378 1983 de
400 1948 612 1983 Newlandis
640 1948 788 1984 salutem
809 1976 816 1983 .
838 1975 846 1984 .
866 1976 873 1983 .
894 1949 1052 1985 Nouerit
1072 1950 1284 1985 vniuersitas
1304 1950 1422 1986 vestra
1448 1964 1505 1986 me
1526 1978 1533 1985 .
1556 1979 1563 1986 .
1585 1980 1591 1987 .
1613 1953 1657 1988 de
1677 1966 1760 1989 eon-

196 2018 295 2053 sensu
331 2029 373 2051 ac
410 2016 691 2052 confirmacione
712 2044 718 2051 .
741 2044 748 2051 .
771 2044 778 2051 .
797 2016 979 2052 Johannis
1000 2046 1006 2053 .
1030 2046 1037 2053 .
1059 2046 1066 2053 .
1086 2018 1219 2065 prioris
1257 2017 1518 2054 Sanffiandree
1554 2033 1596 2056 ac
1632 2021 1758 2057 vicarii

194 2085 376 2134 generalis
409 2085 564 2121 eiusdem
586 2112 593 2119 .
616 2112 623 2119 .
644 2111 651 2118 .
672 2084 754 2119 sede
787 2092 939 2120 vacante
960 2113 967 2121 .
990 2113 996 2120 .
1016 2113 1024 2121 .
1044 2086 1133 2121 duas
1169 2086 1390 2133 capellanias
1422 2100 1535 2122 nouas
1566 2095 1760 2135 perpetuas

198 2182 205 2189 .
228 2181 236 2189 .
257 2154 381 2189 ‚infra
411 2152 596 2189 ecclesiam
634 2152 862 2199 collegiatam
902 2154 946 2188 de
980 2153 1159 2189 Dalketht
1190 2154 1228 2188 in
1261 2153 1345 2189 naui
1373 2154 1444 2189 siue
1471 2155 1758 2192 deambulatorio

197 2222 352 2257 eiusdem
382 2222 537 2269 primam
565 2219 802 2267 capellaniam
831 2248 837 2254 .
860 2248 866 2255 .
890 2248 897 2255 .
916 2221 962 2255 ad
990 2221 1104 2257 altare
1133 2221 1297 2256 crucifixi
1324 2222 1361 2256 in
1391 2222 1476 2257 solio
1503 2222 1697 2259 situatum.
1719 2253 1727 2261 .
1749 2254 1756 2261 .

197 2290 390 2326 secundam
413 2317 420 2324 .
443 2317 449 2323 .
472 2317 478 2323 .
499 2289 543 2324 ad
571 2288 685 2324 altare
707 2287 830 2324 Sancti
849 2287 1030 2324 Johannis
1057 2289 1210 2336 baptiste
1238 2290 1274 2324 in
1303 2290 1450 2325 australi
1478 2291 1592 2327 insula
1610 2293 1758 2329 ecclesie

198 2386 205 2393 .
228 2386 235 2393 .
257 2386 264 2393 .
283 2370 350 2405 pro
383 2357 495 2392 salute
531 2357 734 2392 animarum
756 2384 763 2391 .
785 2383 792 2390 .
815 2383 823 2390 .
842 2355 972 2391 Jacobi
1000 2357 1105 2392 tercii
1137 2363 1173 2392 et
1205 2357 1280 2392 eius
1314 2357 1378 2392 filii
1405 2358 1537 2394 Jacobi
1568 2361 1688 2406 quarti
1716 2375 1758 2398 ac

198 2426 387 2474 Margrete
418 2425 544 2472 regine
576 2425 700 2472 sponse
732 2423 790 2459 sue
822 2423 1013 2460 Scotorum
1045 2437 1173 2472 regum
1200 2453 1207 2460 .
1230 2453 1237 2461 .
1259 2453 1265 2460 .
1292 2438 1435 2462 necnon
1456 2454 1463 2462 .
1485 2454 1491 2462 .
1515 2455 1522 2461 .
1543 2428 1674 2474 prefati
1694 2458 1700 2465 .
1721 2460 1727 2466 .
1750 2460 1757 2467 .
