2147 2964
89 1024 156 1060 198

495 313 706 351 SANCTE
735 314 1052 352 TRINITATIS
1078 315 1150 351 DE
1178 315 1512 353 EDINBURGH.
1718 320 1784 353 ‘221

222 409 345 445 nostra
377 411 557 447 sententia
587 412 776 449 definitiua
812 414 1008 462 subscripta
1044 414 1174 450 nostris
1209 415 1437 450 manualibus
1468 415 1788 463 subscriptionibus

221 489 317 512 anno
336 477 418 513 loco
438 485 474 514 et
492 479 552 515 die
571 481 792 529 prescriptis.

271 545 475 582 Gssofzfflus
490 546 775 584 CLAPPERTOUN
789 549 988 597 prepositus
1055 549 1240 585 DomNus
1259 549 1429 585 JACOBUS
1451 550 1591 586 lVicnr

270 611 329 647 Ita
347 613 398 648 est
417 613 624 650 MAG1srnn
640 615 880 652 WILLELMUS
899 616 986 653 SM,-
1047 616 1252 652 MAolsTEn
1270 617 1475 653 Juommcs
1493 618 1774 654 anmsrom:

317 692 426 716 MoND
446 681 672 717 subdecanus
1103 697 1125 719 a
1142 684 1355 720 Ormistoun

269 746 454 783 Dommus
475 748 606 784 DAUID
628 748 707 785 SYM
1056 751 1239 787 Dommus
1260 752 1464 788 memcs
1487 752 1705 788 YuoUNGAn

268 814 320 850 M.
338 814 502 851 MARCUS
522 816 632 852 LAMB
1055 818 1261 855 JOHANNES
1282 820 1461 859 LYTHQW.

220 1003 398 1068 QUARTO
417 1020 476 1056 die
495 1019 624 1056 mensis
643 1021 748 1056 Junii
776 1033 872 1056 anno
893 1020 1043 1057 Domini
1067 1022 1101 1057 i¹²¹
1128 1027 1161 1057 τε
1179 1023 1268 1059 liiii*0
1287 1024 1323 1059 in
1352 1024 1513 1072 capitulo
1540 1025 1688 1061 ecclesie
1706 1039 1784 1074 pre-

219 1087 313 1123 dicte
340 1107 347 1114 ·
385 1087 469 1130 Quo
498 1088 557 1124 die
589 1089 736 1125 sedente
767 1089 803 1124 in
836 1089 1030 1136 capitulari
1062 1091 1168 1126 domo
1200 1092 1353 1139 predi&
1385 1093 1527 1140 collegii
1562 1092 1787 1145 Sanetiffime

220 1154 415 1191 Trinitatis
443 1157 641 1192 venerabili
670 1157 747 1192 viro
775 1157 920 1192 domino
950 1157 1114 1206 Georgio
1144 1159 1395 1206 Clappertoun
1419 1160 1599 1207 preposito
1628 1174 1781 1196 vnaeuni

218 1224 470 1270 prebendariis
498 1224 657 1261 eiusdem
685 1225 834 1261 ecclesie
861 1225 1101 1261 assistentibus
1128 1227 1242 1262 eciam
1271 1227 1359 1262 inibi
1391 1228 1569 1275 magistris
1597 1229 1783 1264 Willelmo

218 1291 404 1327 Meldrum
421 1298 457 1327 et
472 1291 635 1339 Georgio
657 1292 737 1328 Cok
754 1292 901 1328 vicariis
920 1293 964 1328 de
984 1293 1205 1330 Petirculter
1221 1301 1256 1330 et
1271 1295 1383 1330 Perth
1403 1296 1598 1343 1·espe6tiue
1614 1309 1782 1332 reueren-

217 1358 344 1394 diffimi
365 1360 499 1394 domini
520 1360 701 1395 Johannis
719 1359 980 1396 Sanffiandree
1003 1360 1297 1409 [archiepiscopi]
1320 1362 1357 1397 in
1376 1362 1570 1398 maioribus
1586 1365 1781 1400 excessibus

216 1427 314 1462 intra
344 1433 466 1475 partes
498 1426 688 1463 Laudonie
726 1428 1022 1475 contingentibus
1058 1429 1304 1465 commissariis
1338 1431 1496 1467 monitus
1532 1432 1583 1466 est
1614 1433 1780 1468 dominus

215 1494 405 1530 Johannes
424 1495 643 1543 Bannatyne
670 1496 933 1543 prebendarius
960 1496 1004 1531 de
1027 1497 1196 1533 Gilstoun
1225 1498 1271 1532 ad
1299 1498 1562 1533 obseruandum
1592 1506 1627 1534 et
1649 1501 1778 1546 perim-

215 1563 389 1609 plendum
424 1563 547 1598 omnia
578 1570 615 1598 et
642 1563 783 1611 singula
817 1565 951 1610 punfita
983 1569 1019 1599 et
1052 1564 1226 1600 articulos
1258 1565 1296 1599 in
1330 1566 1542 1601 fundatione
1574 1566 1776 1602 huiusmodi

214 1630 358 1678 collegii
383 1637 557 1666 contenta
580 1636 689 1678 prout
709 1631 822 1666 ceteri
853 1631 1055 1667 confratres
1074 1632 1126 1667 sui
1155 1632 1313 1667 eiusdem
1333 1632 1403 1668 loci
1423 1639 1459 1668 et
1477 1633 1660 1681 signanter
1680 1637 1777 1682 quod

212 1699 383 1734 decantet
402 1711 467 1746 per
485 1699 636 1746 seipsum
656 1706 692 1734 et
711 1712 783 1734 non
803 1711 867 1746 per
886 1699 998 1734 alium
1025 1699 1061 1734 in
1089 1706 1198 1735 turna
1224 1701 1284 1735 sua
1309 1700 1584 1737 hebdomidaria
1603 1702 1773 1739 summam

211 1766 349 1802 miffam
374 1779 517 1803 necnon
546 1767 682 1802 missam
701 1767 971 1802 Dominicalem
994 1768 1141 1814 quando
1169 1768 1329 1803 occurrit
1351 1768 1412 1804 fibi
1438 1769 1474 1803 in
1502 1770 1630 1805 ordine
1653 1771 1774 1806 debito

212 1836 375 1873 fimiliter
409 1836 608 1872 matutinas
644 1842 679 1872 ct
716 1838 882 1884 vesperas
917 1843 1026 1884 prout
1057 1848 1100 1871 ex
1137 1836 1356 1871 fundacione
1390 1842 1535 1872 tenetur
1566 1837 1698 1874 abhinc
1731 1841 1774 1873 de
1807 1874 1810 1875 γ

213 1911 336 1941 cetero
355 1911 390 1941 et
409 1905 445 1940 in
466 1905 627 1940 futurum
655 1905 717 1940 sub
738 1905 841 1952 penis
867 1905 905 1939 in
933 1904 1152 1939 fundacione
1181 1904 1362 1939 contentis
1389 1905 1502 1940 eciam
1531 1908 1773 1942 excommuni-

212 1974 365 2009 cationis
384 1972 530 2020 aliisque
556 1973 660 2019 penis
687 1973 891 2008 arbitrariis
918 1978 1025 2020 prout
1052 1971 1232 2019 preposito
1252 1972 1434 2008 videbitur
1453 1986 1533 2008 eum
1551 1974 1772 2011 auisamento

212 2048 247 2077 ct
279 2041 451 2077 consensu
482 2041 637 2075 aliorum
670 2040 994 2088 prebendariorum
1031 2040 1176 2087 collegii
1207 2041 1358 2087 prediai
1390 2062 1397 2068 -
1430 2041 1580 2089 Insuper
1612 2044 1771 2090 respectu

210 2108 401 2144 laudabilis
421 2108 489 2143 a8ti
509 2108 546 2143 in
565 2108 723 2155 presenti
743 2107 838 2143 libro
858 2108 1020 2143 contenti
1040 2108 1125 2143 sacti
1144 2121 1264 2143 coram
1285 2110 1467 2155 quondam
1488 2110 1581 2145 bone
1600 2112 1770 2147 memorie

211 2178 359 2212 domino
374 2176 545 2212 Johanne
562 2176 747 2223 Dingwell
766 2175 969 2211 huiusmodi
988 2175 1131 2223 collegii
1151 2182 1238 2211 tune
1256 2176 1436 2224 preposito
1454 2177 1503 2212 xi⁰
1517 2178 1656 2224 Aprilis
1675 2192 1771 2214 anno

213 2245 362 2281 Domini
381 2245 414 2280 im
438 2249 472 2280 v⁰
490 2244 596 2280 xxvi²⁰
613 2243 770 2279 monitus
798 2243 849 2279 est
875 2243 972 2278 idem
998 2243 1188 2279 Johannes
1216 2243 1435 2292 Bannatyne
1462 2246 1649 2282 occasione
1672 2247 1770 2283 inua-

211 2313 317 2348 fionis
346 2313 396 2348 sui
425 2312 619 2348 confratris
649 2311 819 2346 videlieet
847 2310 1009 2358 magistri
1037 2310 1218 2346 Johannis
1247 2311 1510 2348 Manderstoun
1539 2314 1769 2361 prebendarii

210 2381 296 2416 dieti
315 2381 386 2416 loci
406 2393 488 2416 cum
507 2379 591 2426 diga
609 2380 669 2414 seu
695 2378 853 2426 pugione
882 2377 1074 2425 eruginata
1092 2379 1170 2413 sero
1189 2384 1351 2426 tempore
1374 2380 1491 2416 aditus
1510 2381 1557 2416 ad
1575 2382 1770 2418 dormitum

212 2449 249 2484 in
268 2448 449 2496 presentia
467 2447 553 2483 dieti
579 2445 751 2494 prepositi
778 2445 942 2481 moderni
971 2451 1006 2482 et
1025 2447 1247 2482 diversorum
1276 2447 1429 2482 aliorum
1453 2448 1676 2485 confratrum
1696 2452 1769 2486 sab—
