2147 2964
297 308 370 347 296
668 304 847 342 CARTE
874 303 1130 341 ECCLESIE
1159 301 1497 340 COLLEGIATE

298 405 559 442 antecessorum
593 411 628 440 et
657 403 892 440 successorum
924 404 1069 438 suorum
1102 409 1138 438 et
1166 402 1329 437 omnium
1355 402 1517 437 fidelium
1548 402 1802 437 defunaorum
1830 402 1875 437 de

298 475 357 510 xxi
371 475 433 510 lib.
453 474 555 509 xiiis.
585 479 621 508 et
640 472 691 508 iiii
708 473 741 507 d.
770 471 901 507 vsualis
929 477 1074 507 monete
1101 471 1207 518 regni
1230 470 1360 506 Scocie
1385 470 1628 518 percipiendis
1656 478 1692 505 et
1710 469 1877 505 leuandis

297 542 486 578 annuatim
501 542 546 576 de
565 541 673 577 terris
692 548 728 576 et
747 539 967 576 tenementis
984 539 1054 575 suis
1073 539 1278 575 iacentibus
1297 538 1394 574 infra
1413 539 1568 586 burgum
1585 539 1630 574 de
1645 538 1876 586 Edynburgh

298 618 334 647 et
353 610 477 646 villam
503 610 548 645 de
569 609 665 645 Leth
693 622 735 644 ac
763 609 808 643 de
837 620 907 643 vno
935 619 1058 643 annuo
1085 606 1233 642 redditu
1261 613 1417 642 exeunte
1436 607 1482 642 de
1501 612 1712 642 tenemento
1732 605 1876 642 Valteri

298 680 343 716 de
360 678 450 727 Spot
469 677 565 713 infra
584 678 719 714 dietum
739 677 897 724 burgum
913 676 958 711 de
974 675 1205 723 Edynburgh
1219 675 1264 710 de
1281 676 1456 710 mandato
1473 675 1597 710 nostro
1618 675 1726 710 visam
1746 675 1875 710 le&am

298 748 493 795 inspefitam
511 753 546 782 et
563 746 759 794 diligenter
776 744 1019 780 examinatam
1036 756 1111 778 non
1130 744 1244 778 rafiam
1261 756 1334 778 non
1351 743 1524 778 abolitam
1543 755 1617 778 non
1635 742 1874 778 cancellatam

298 829 366 852 nec
384 817 423 852 in
442 816 566 863 aliqua
584 815 637 850 sui
655 820 760 861 parte
780 813 950 848 viciatam
979 812 1038 847 sed
1066 812 1164 846 omni
1191 813 1337 858 prorsus
1357 811 1451 846 vicio
1475 818 1511 846 et
1531 811 1731 857 suspicione
1751 823 1875 846 caren-

299 892 371 920 tem
391 885 437 920 ad
456 884 604 932 plenum
631 881 844 918 intellexisse
871 881 909 915 in
937 880 1034 915 hunc
1063 880 1207 915 modum
1229 902 1235 908 ·
1258 879 1440 916 OMNIBUS
1469 879 1565 915 hanc
1588 886 1727 915 cartam
1748 879 1876 915 visuris

300 953 359 989 uel
378 952 557 988 audituris
576 950 768 998 Margreta
792 948 963 984 Forstare
991 948 1118 983 relieta
1144 948 1329 995 quondam
1349 948 1433 983 Ade
1453 947 1483 983 F
1486 948 1623 983 orstare
1645 948 1690 983 de
1712 947 1877 984 Corstor-

300 1022 386 1071 fyne
406 1021 531 1057 militis
551 1026 586 1055 et
605 1019 795 1054 Johannes
817 1016 1021 1065 [Forstare]
1044 1017 1088 1052 de
1110 1016 1350 1064 Corstorfyne
1370 1016 1473 1052 miles
1492 1016 1642 1051 salutem
1662 1016 1699 1051 in
1716 1015 1877 1051 Domino

302 1090 554 1138 lempiternam
575 1111 581 1117 -
603 1087 795 1123 Noueritis
814 1098 880 1120 nos
900 1086 947 1120 ad
965 1085 1109 1120 laudem
1129 1092 1165 1120 et
1184 1085 1359 1120 honorem
1382 1084 1657 1132 Omnipotentis
1680 1084 1753 1120 Dei
1771 1085 1878 1120 beate

301 1166 337 1195 et
365 1158 519 1206 gloriose
549 1155 702 1203 uirginis
733 1154 853 1189 Marie
884 1153 1009 1188 matris
1039 1153 1099 1188 sue
1128 1153 1235 1188 Beati
1262 1153 1446 1188 Johannis
1472 1153 1627 1200 baptiste
1656 1160 1691 1188 et
1719 1153 1877 1188 omnium

302 1228 503 1263 san&orum
525 1225 598 1261 Dei
618 1222 750 1259 dediffe
771 1221 974 1257 conceffiffe
995 1226 1030 1256 et
1057 1221 1126 1256 hac
1154 1221 1313 1268 presenti
1342 1228 1445 1256 carta
1469 1221 1593 1256 nostra
1612 1221 1879 1269 imperpetuum

303 1294 527 1332 confirmasse
559 1293 641 1328 Deo
674 1291 788 1326 Beate
826 1289 946 1325 Marie
984 1289 1118 1337 uirgini
1154 1296 1190 1325 et
1227 1289 1394 1324 omnibus
1427 1289 1641 1337 supradifitis
1674 1290 1803 1325 sanetis
1835 1291 1881 1325 ad

303 1362 605 1400 sustentacionem
626 1361 781 1395 duorum
811 1357 1084 1406 capellanorum
1113 1357 1240 1393 diuina
1266 1357 1538 1393 celebrancium
1558 1363 1594 1393 et
1612 1357 1881 1405 imperpetuum

303 1432 616 1467 celebraturorum
644 1428 680 1462 in
714 1426 856 1474 capella
884 1425 990 1461 Beati
1016 1424 1198 1461 Johannis
1228 1426 1383 1474 baptiste
1413 1426 1588 1474 contigua
1607 1426 1758 1462 ecclesie
1778 1440 1883 1475 paro-

303 1499 411 1535 chiali
439 1499 484 1533 de
507 1495 747 1542 Corstorfyne
775 1494 929 1529 fundata
956 1498 991 1528 et
1019 1493 1174 1529 duorum
1203 1494 1422 1530 clericorum
1451 1494 1542 1529 inibi
1569 1495 1607 1530 in
1638 1495 1738 1530 cultu
1757 1495 1882 1530 diuino

303 1567 636 1603 niinistraturorum
663 1577 730 1612 pro
758 1563 871 1599 salute
900 1563 1019 1597 anime
1048 1562 1186 1598 domini
1213 1562 1346 1598 Jacobi
1378 1563 1477 1611 regis
1511 1562 1703 1599 Scotorum
1732 1564 1883 1599 illustris

303 1635 471 1672 moderni
495 1640 528 1669 et
548 1633 573 1668 J
577 1633 721 1668 ohanne
745 1631 873 1679 regine
902 1630 1065 1677 coniugis
1093 1631 1153 1666 sue
1181 1636 1217 1666 et
1243 1631 1447 1666 animarum
1471 1632 1734 1667 antecessorum
1754 1637 1790 1668 et
1809 1633 1883 1668 suc—

305 1703 479 1741 cessorum
497 1703 644 1738 suorum
671 1706 707 1736 et
726 1713 790 1748 pro
817 1699 932 1735 salute
959 1698 1080 1734 anime
1104 1699 1190 1734 dieti
1218 1699 1401 1746 quondam
1422 1699 1561 1734 domini
1582 1700 1666 1735 Ade
1684 1713 1751 1748 pro
1770 1700 1884 1736 salute

305 1773 511 1809 animarum
535 1770 652 1806 eciam
676 1768 883 1804 nostrarum
912 1766 1173 1802 antecessorum
1203 1772 1239 1802 et
1264 1766 1500 1802 successorum
1529 1768 1735 1803 nostrorum
1756 1781 1798 1804 ac
1817 1781 1883 1816 pro

306 1842 419 1877 salute
439 1840 644 1875 animarum
664 1837 826 1872 omnium
842 1835 1005 1871 fidelium
1024 1835 1279 1870 defunctorum
1296 1835 1356 1870 xxi
1368 1835 1431 1870 lib.
1452 1835 1555 1870 xiiis.
1575 1842 1611 1871 et
1630 1835 1682 1870 iiii
1696 1836 1731 1871 d.
1751 1836 1884 1872 vsualis

306 1916 451 1946 monete
470 1907 576 1955 regni
598 1906 726 1942 Scocie
753 1904 929 1940 leuandas
957 1903 1145 1939 annuatim
1174 1910 1210 1938 et
1232 1903 1489 1950 percipiendas
1517 1904 1563 1938 ad
1591 1904 1680 1939 duos
1705 1905 1792 1940 anni
1814 1911 1884 1940 ter·

307 1979 425 2013 minos
444 1975 583 2012 vsuales
602 1972 840 2010 Pentecostes
859 1971 1032 2007 videlicet
1060 1977 1096 2006 et
1125 1970 1247 2007 Sancti
1272 1970 1426 2006 Martini
1454 1971 1491 2006 in
1519 1984 1625 2019 yeme
1652 1984 1718 2019 per
1737 1973 1884 2020 equales

308 2046 501 2094 porciones
516 2042 688 2079 videlicet
702 2042 747 2077 de
767 2040 942 2076 inferiore
962 2047 1066 2088 parte
1086 2038 1285 2075 tenementi
1304 2039 1419 2074 nostri
1437 2039 1481 2074 de
1497 2039 1728 2088 Edynburgh
1748 2041 1882 2077 scilicet

310 2114 354 2149 de
373 2113 437 2149 illa
455 2112 539 2147 aula
557 2109 723 2146 inferiori
751 2108 916 2144 tendenti
946 2108 1069 2143 uersus
1097 2107 1276 2142 orientem
1304 2112 1340 2142 et
1368 2107 1596 2142 occidentem
1620 2108 1657 2143 in
1677 2121 1749 2155 qua
1769 2121 1883 2144 mora-

311 2189 369 2217 tur
387 2193 486 2216 nunc
506 2179 653 2215 domina
671 2177 863 2225 Margreta
890 2177 934 2212 de
954 2177 1134 2212 Prestoun
1161 2176 1271 2223 Vsque
1290 2175 1337 2210 ad
1358 2175 1567 2211 vlteriorem
1585 2182 1727 2222 partem
1747 2176 1882 2212 austra—

310 2249 382 2284 lem
401 2248 559 2283 eiusdem
579 2246 693 2281 nostri
720 2244 920 2282 tenementi
940 2244 1002 2280 viii
1017 2243 1076 2279 lib.
1106 2256 1177 2290 quo
1205 2256 1327 2278 annuo
1354 2244 1500 2279 redditu
1528 2244 1565 2278 in
1586 2244 1709 2290 aliquo
1733 2243 1881 2279 forsitan

314 2316 506 2351 deficiente
524 2315 569 2350 de
594 2320 671 2350 toto
700 2320 736 2349 et
763 2313 908 2359 integro
936 2312 1065 2347 eodem
1084 2318 1292 2347 tenemento
1312 2310 1435 2346 nostro
1455 2324 1537 2347 cum
1556 2312 1793 2358 pertinenciis
1812 2333 1819 2340 ·
1839 2325 1881 2346 ac

315 2385 359 2419 de
374 2388 582 2418 tenemento
597 2382 720 2417 nostro
735 2381 780 2416 de
800 2393 897 2416 nouo
913 2379 1119 2416 constructo
1138 2379 1176 2414 in
1192 2379 1278 2415 villa
1292 2379 1338 2414 de
1355 2379 1450 2415 Leth
1465 2379 1522 2414 sex
1536 2379 1598 2414 lib.
1614 2379 1712 2414 xiiis.
1729 2385 1764 2414 et
1777 2378 1830 2413 iiii
1844 2379 1879 2414 d.

316 2450 427 2486 annui
446 2450 609 2485 redditus
629 2461 700 2495 quo
725 2461 847 2484 annuo
872 2448 1019 2483 redditu
1045 2448 1083 2482 in
1111 2447 1233 2494 aliquo
1261 2446 1410 2483 forsitan
1439 2447 1631 2483 deficiente
1651 2447 1696 2481 de
1715 2446 1880 2481 omnibus
