2147 2964
882 298 1067 335 INDEX.

210 392 367 430 Kirkgurd,
378 392 516 430 Kirkurd,
527 392 679 430 Kirkvrde,
688 393 843 431 Kirkwird,
851 395 946 434 Kyrk-

250 444 332 482 hurd,
350 445 495 483 Kyrkvrd,
512 446 664 483 Kyrkwrd,
681 446 765 484 Orde,
782 447 850 485 Vrd,
867 449 947 478 baro-

250 497 299 526 nia
313 497 357 535 de,
373 499 442 527 318.
488 499 557 528 Vide
571 498 658 527 etiam
673 498 747 528 Seot.

303 550 437 580 collector
451 551 594 580 fructuum
608 550 725 580 ecclesie
739 551 782 588 de,
799 553 862 582 vide
877 554 947 582 San-

249 602 388 631 delandis.

303 655 422 684 ecclesia
442 656 486 693 de,
508 657 558 693 24,
579 658 626 692 25,
643 657 690 693 33,
707 657 754 693 34,
771 658 818 693 49,
835 658 882 694 67,
899 659 946 694 68,

252 708 318 743 123,
338 709 403 744 157,
428 709 493 745 159,
519 710 584 745 161,
609 710 674 745 162,
700 710 765 744 164,
790 711 856 746 168,
882 711 946 746 170,

252 760 317 795 171,
342 761 408 796 174,
433 762 500 797 176,
525 762 591 794 179,
616 762 680 797 182,
706 763 771 798 184,
797 763 861 798 186,
881 763 945 799 188,

252 811 391 846 190-193,
417 813 482 848 198,
508 814 573 849 199,
600 814 667 849 234,
690 815 758 847 237,
788 815 855 850 238,
879 816 945 850 252,

249 864 317 892 255.

300 916 440 945 firmarius
473 916 617 946 fructuum
652 917 770 947 ecclesie
804 918 848 953 de,
886 919 947 948 vide

249 967 421 1005 Crechtoun,
438 968 515 998 scot.

209 1037 288 1042 -—
301 1030 422 1058 persoun
436 1021 473 1057 of,
491 1022 552 1050 vide
567 1022 704 1059 Douglas.

301 1077 370 1101 taxa
384 1073 501 1102 ecclesie
516 1074 559 1110 de,
578 1075 643 1111 166,
662 1076 727 1103 170.

303 1129 376 1154 terre
390 1126 434 1163 de,
450 1128 518 1162 314,
535 1128 602 1162 315,
618 1128 685 1163 317,
702 1129 770 1156 318.

302 1177 428 1207 vicarius
444 1178 487 1215 de,
503 1180 561 1207 vide
575 1178 746 1208 Crechtoun.

210 1229 347 1266 Kirkhill,
363 1231 424 1259 vide
440 1230 586 1259 Strabrok.

210 1281 391 1319 Kirkmolyn,
407 1287 498 1311 rector
512 1283 555 1320 de,
570 1283 633 1312 vide
647 1283 722 1312 Albo
738 1284 839 1313 Fonte.

211 1333 285 1362 Kirk
299 1334 330 1362 of
341 1334 433 1371 Feild,
450 1335 512 1364 vide
526 1335 614 1364 Beate
627 1335 727 1364 Marie.

210 1385 389 1424 Kirkpatrik,
416 1386 547 1416 dominus
571 1387 697 1417 Thomas
721 1387 764 1425 de,
791 1389 944 1427 presbyter,

253 1440 301 1467 63.

212 1491 406 1528 Kringiltoun,
423 1491 573 1528 Robertus,
592 1493 638 1521 15.

212 1543 344 1580 Kydlaw,
359 1545 417 1572 vide
432 1543 572 1582 Quhippo.

212 1595 304 1633 Kylis,
321 1595 469 1625 Donaldus
483 1596 527 1632 de,
543 1597 610 1625 309.

212 1647 354 1685 Kyncaid,
368 1648 569 1685 Archibaldus,
586 1650 654 1677 261.

212 1699 352 1737 Kynglas,
369 1701 501 1729 Matheus
515 1700 591 1729 filius
606 1700 745 1729 Willelmi
760 1701 803 1738 de,
819 1702 866 1737 43,
883 1703 931 1730 44.

303 1753 447 1790 Mergreta
467 1762 570 1791 sponsa
584 1753 695 1781 Mathei
711 1753 755 1789 de,
777 1754 945 1791 consangui-

251 1813 305 1833 nea
315 1804 422 1833 domini
433 1804 571 1833 Willelmi
586 1805 777 1834 archidiaconi
788 1806 944 1842 Laudonie,

251 1857 299 1885 43.

211 1925 290 1930 —
305 1913 377 1938 terre
392 1909 435 1946 de,
451 1910 498 1947 43,
515 1911 562 1946 44,
579 1910 625 1939 50.

213 1961 332 1998 Kynlos,
350 1962 397 1991 30.
576 1998 579 1999 .

213 2013 354 2050 Kynnele,
370 2013 472 2050 Adam,
488 2023 607 2052 persona
620 2013 663 2051 de,
680 2016 707 2043 5.
768 2020 773 2024 '

306 2066 430 2096 Michael
451 2066 616 2105 capellanus
636 2067 728 2096 socius
747 2067 809 2096 Ade
830 2077 946 2106 persone

253 2119 296 2154 de,
313 2120 340 2147 5.

215 2171 428 2208 Kynninmond,
443 2171 574 2201 dominus
585 2171 740 2208 Johannes,
753 2171 787 2201 de
800 2171 945 2210 Craghall,

253 2222 344 2257 miles,
358 2224 403 2251 72.

215 2380 378 2416 Laborator,
397 2379 568 2415 Alexander,
587 2380 651 2408 167.

215 2433 302 2469 Lacu,
319 2431 363 2469 de,
379 2432 439 2461 vide
454 2430 538 2460 Loch.

1662 306 1734 339 355

998 396 1157 435 Ladyland,
1172 398 1233 427 vide
1250 398 1364 435 Hawik,
1381 399 1486 429 Peblis.

998 449 1100 487 Laing,
1116 450 1228 488 Layug,
1245 450 1347 487 Adam,
1364 453 1430 480 269.

1091 502 1204 530 Helena
1226 503 1366 541 Kennedy
1391 513 1493 542 sponsa
1520 504 1541 534 J
1543 506 1631 542 acobi,
1662 507 1729 542 265,

1038 555 1106 584 267.

1089 607 1223 644 Jacobus,
1246 607 1395 645 burgensis
1416 608 1451 638 de
1466 609 1646 648 Edinburgh,
1663 611 1729 646 265,

1037 659 1107 687 267.

1089 710 1245 748 Johannes,
1264 712 1324 741 vide
1340 713 1487 750 Dingvall.

1089 763 1224 800 magister
1237 763 1391 800 Johannes,
1410 766 1476 793 154.

1090 814 1212 843 Mai-iota
1226 815 1315 853 Bowy
1329 825 1432 854 sponsa
1443 817 1464 846 J
1466 817 1555 854 acobi,
1572 819 1640 847 265.

996 866 1138 901 Laithrik,
1153 867 1174 896 J
1176 867 1288 903 aeobus,
1304 869 1438 905 notarius,
1457 870 1523 898 145.

997 918 1097 955 Lamb,
1110 919 1227 956 Lambe,
1240 920 1377 957 magister
1386 921 1507 958 Marcus,
1519 922 1728 960 prebendarius,

1039 972 1415 1009 114,118,119,123,124,
1431 974 1574 1010 126,128,
1590 976 1728 1009 198-202,

1037 1024 1179 1053 220-223.

997 1075 1198 1112 Lambertoun,
1227 1077 1408 1114 Lamertoun,
1438 1078 1649 1114 Lammertoun,
1677 1080 1729 1109 Jo—

1038 1127 1146 1156 hannes
1160 1128 1203 1165 de,
1221 1130 1266 1165 15,
1284 1131 1330 1166 35,
1346 1131 1393 1166 45,
1411 1132 1459 1159 46.

997 1180 1129 1217 Lambes,
1142 1181 1303 1218 Lambmes,
1317 1182 1457 1219 Lammes,
1470 1184 1529 1212 vide
1544 1183 1642 1213 Sancti
1651 1185 1729 1213 Petri

1036 1232 1072 1260 ad
1087 1233 1210 1261 vincula.

998 1285 1182 1322 Langlandis,
1197 1286 1329 1315 dominus
1344 1287 1474 1324 Karolus,
1491 1289 1635 1327 presbiter,
1652 1290 1727 1318 vica-

1031 1338 1089 1365 rius
1104 1337 1138 1366 de
1151 1338 1324 1375 Dryvisdall,
1340 1340 1404 1367 107.

996 1390 1215 1427 Langneutoun,
1231 1395 1304 1419 terre
1319 1391 1362 1427 de,
1380 1393 1446 1421 118.

996 1442 1155 1479 Langtonis
1170 1442 1246 1478 land,
1263 1443 1310 1471 the
1332 1443 1393 1472 lard
1414 1445 1450 1481 of,
1471 1449 1545 1474 terra
1566 1446 1672 1475 domini
1693 1447 1727 1475 ‹le

1036 1494 1178 1532 Langton,
1194 1497 1252 1523 vide
1266 1495 1478 1526 Northberwik.

996 1547 1157 1584 Langtoun,
1180 1548 1358 1585 Langtoune,
1384 1549 1542 1579 Herbertus
1565 1550 1729 1589 capellanus

1036 1598 1079 1635 de,
1099 1601 1144 1628 14.

1090 1651 1226 1690 Milnerig
1241 1653 1279 1688 in,
1298 1654 1343 1681 14.

995 1719 1074 1726 —
1089 1703 1160 1732 villa
1180 1708 1209 1733 et
1230 1705 1401 1734 territorium
1422 1705 1465 1741 de,
1488 1707 1532 1742 13,
1554 1708 1598 1743 14,
1616 1708 1663 1742 50,
1680 1709 1727 1737 54.

1036 1757 1083 1792 83,
1100 1757 1166 1784 101.

997 1807 1103 1845 Lanye,
1118 1808 1208 1845 Leny,
1224 1808 1330 1845 Lenye,
1346 1809 1574 1847 Barthillomeus,
1592 1811 1727 1847 Bartlmo,

1036 1859 1246 1896 hospitalarius,
1265 1861 1330 1897 140,
1349 1861 1413 1897 142,
1432 1862 1497 1898 144,
1513 1863 1579 1899 225,
1597 1864 1664 1891 230.

996 1928 1075 1932 —
1088 1911 1215 1949 Edwart,
1231 1916 1321 1949 notar,
1336 1914 1403 1942 225.

1088 1963 1208 1999 Nather,
1225 1966 1282 1993 vide
1296 1964 1425 1993 Borthik.

996 2016 1098 2052 Largo,
1114 2017 1173 2044 vide
1187 2016 1270 2045 Wod.

996 2068 1134 2103 Latimus,
1146 2069 1205 2095 vide
1217 2068 1387 2104 Barnardus,
1400 2068 1483 2104 Blak,
1499 2069 1637 2107 Dalgleis,
1651 2071 1727 2100 Den—

1036 2119 1088 2155 nis,
1103 2119 1280 2156 Follartoun,
1296 2120 1396 2156 Hardi,
1413 2121 1549 2159 Hugoun,
1566 2122 1717 2152 Turnbull.

997 2171 1135 2208 Lauadre,
1143 2171 1263 2208 Lander,
1275 2172 1420 2209 Lawader‚
1432 2172 1571 2210 Lawadir,
1578 2174 1727 2213 Lawadyr,

1036 2223 1164 2259 Lawder,
1181 2223 1339 2260 Laweddir,
1355 2224 1500 2262 Laweder,
1516 2225 1655 2264 Lawedir,
1672 2228 1727 2256 La—

1036 2275 1136 2311 wedre,
1153 2275 1262 2304 Alanus
1276 2275 1320 2311 de,
1335 2276 1421 2305 frater
1435 2277 1560 2314 Roberti,
1577 2279 1624 2307 52.

1088 2327 1197 2364 burgus
1210 2337 1260 2356 seu
1274 2328 1345 2356 villa
1358 2328 1402 2365 de,
1418 2330 1465 2365 51,
1483 2330 1529 2359 65.

1211 2380 1255 2413 de,
1270 2380 1357 2409 frater
1371 2380 1457 2410 Alani
1471 2385 1500 2410 et
1515 2382 1640 2420 Roberti,
1656 2385 1704 2413 52.

998 2448 1077 2454 ——
1091 2430 1220 2461 dominus
1235 2432 1392 2462 Edwardus
1406 2433 1450 2470 de,
1467 2434 1511 2463 53,
