2147 2964
105 1001 161 1032 Η.

736 286 925 323 DOMUS
952 285 1023 322 DE
1053 284 1268 322 SOLTRE.
1741 285 1787 317 35

218 386 464 434 spiritualibus
503 392 539 422 et
574 387 626 422 eis
663 387 707 421 de
744 386 1005 433 temporalibus
1050 384 1280 433 respondebit
1312 405 1319 412 ·
1353 390 1388 419 et
1425 382 1523 418 salua
1558 381 1707 418 ecclesie
1742 382 1786 417 de

218 454 355 503 Dysart
382 454 554 502 pensione
586 467 694 501 quam
727 457 770 489 de
803 454 899 489 dicta
930 454 1082 489 ecclesia
1112 453 1157 488 dc
1189 452 1342 500 VVemys
1376 452 1564 488 annuatim
1596 452 1787 499 percipere

218 523 405 558 consueuit
424 542 430 549 ·
450 522 493 558 In
522 523 624 557 cuius
648 522 700 557 rei
729 522 974 557 testimonium
1002 521 1154 569 sigillum
1183 521 1342 556 nostrum
1372 520 1504 568 apponi
1532 520 1682 555 fecimus
1702 520 1786 556 huic

218 591 349 637 scripto
369 610 377 619 ·
396 589 534 625 Datum
555 589 652 636 apud
672 588 920 636 Tynyngham
941 590 1000 624 die
1019 590 1123 625 Lune
1150 589 1317 636 proximo
1336 588 1415 636 post
1434 588 1560 624 festum
1581 589 1787 636 Epiphanie

219 657 368 693 Domini
388 670 484 693 anno
503 657 656 692 Domini
675 662 724 691 m⁰
743 662 798 692 cc⁰
816 657 1034 704 sexagesimo
1054 657 1183 704 primo.

219 805 331 841 Carta
362 803 564 839 Alexandri
596 804 693 852 regis
725 805 769 839 de
802 804 1005 840 donacione
1033 803 1183 839 dimidie
1216 803 1338 839 celdre
1371 804 1489 840 farine
1517 816 1717 840 auenarum
1744 804 1789 840 de

218 872 427 908 molendino
447 872 492 907 de
513 872 645 907 Peblis.

220 979 450 1030 Alexander
486 992 559 1028 Dei
599 993 726 1041 gracia
761 1006 826 1029 rex
865 992 1073 1029 Scottorum
1117 992 1270 1040 Symoni
1315 993 1467 1030 Frasere
1507 996 1715 1032 vicecomiti
1755 1004 1790 1033 et

220 1061 363 1096 balliuis
391 1061 459 1096 suis
487 1062 532 1097 de
561 1061 776 1109 Tracquare
801 1083 807 1090 ·
831 1060 993 1109 Singulis
1020 1061 1124 1096 annis
1152 1062 1198 1097 ad
1225 1061 1365 1098 Pascha
1392 1062 1520 1098 haberi
1547 1064 1691 1100 faciatis
1718 1077 1791 1101 ma-

219 1129 332 1177 gistro
351 1135 387 1165 et
405 1129 578 1165 fratribus
599 1130 725 1165 domus
747 1129 934 1177 hospitalis
953 1130 998 1165 de
1018 1129 1137 1166 Soltre
1158 1143 1265 1166 vnam
1286 1131 1473 1167 dimidiam
1494 1132 1653 1168 celdram
1673 1133 1791 1169 farine

222 1211 337 1234 auene
369 1211 475 1246 quam
506 1211 548 1234 ex
582 1198 783 1234 collacione
819 1198 945 1234 inclite
981 1199 1254 1235 recordacionis
1286 1200 1422 1235 domini
1454 1201 1660 1237 Alexandri
1695 1203 1792 1250 regis

226 1266 353 1303 Scocie
375 1266 517 1302 illustris
537 1267 650 1314 patris
668 1267 781 1302 nostri
800 1267 988 1315 percipere
1007 1268 1274 1304 consueuerunt
1294 1269 1338 1304 de
1358 1269 1566 1305 molendino
1586 1270 1631 1306 de
1651 1269 1792 1307 Peblis·

227 1335 273 1370 Et
301 1347 366 1370 nos
393 1335 525 1370 dictam
554 1335 741 1370 dimidiam
770 1335 928 1370 coldram
956 1335 1073 1370 farine
1101 1336 1139 1371 in
1167 1336 1342 1384 compotis
1367 1337 1493 1373 vestris
1512 1338 1660 1386 lingulis
1687 1340 1792 1375 annis

227 1403 401 1439 faciemus
432 1403 575 1449 plenius
608 1402 759 1438 allocari
788 1424 795 1431 ·
820 1403 864 1438 In
897 1404 999 1439 cuius
1034 1404 1088 1439 rei
1119 1403 1364 1440 testimonium
1400 1405 1465 1441 has
1497 1406 1638 1442 nostras
1670 1407 1793 1443 literas

228 1472 307 1507 fieri
334 1471 484 1506 fecimus
511 1477 678 1518 patentes
705 1471 852 1506 testibus
882 1471 1074 1519 Gwydone
1102 1473 1146 1507 de
1174 1472 1308 1509 Balliol
1335 1472 1521 1509 Willelmo
1551 1473 1719 1522 Cumyne
1748 1476 1793 1511 de

232 1539 405 1574 Kirkbrid
431 1538 603 1574 Johanne
630 1539 675 1574 de
703 1539 963 1575 Lammertoun
995 1541 1092 1587 apud
1120 1539 1259 1576 Melros
1290 1540 1458 1577 vicesimo
1482 1542 1598 1589 primo
1624 1542 1682 1578 die
1701 1543 1792 1579 Julii

228 1620 324 1642 auno
343 1606 445 1655 regni
465 1607 577 1642 nostri
598 1607 882 1653 quintodecimo.

229 1754 343 1791 Carta
363 1753 569 1790 Alexandri
588 1754 684 1802 regis
703 1754 747 1789 de
767 1755 901 1791 natiuis
920 1762 955 1791 et
975 1755 1151 1803 fugitiuis.

227 1862 460 1915 Alexander
491 1876 564 1912 Dei
595 1876 721 1925 gracia
751 1889 815 1912 rex
850 1876 1059 1913 Scottorum
1091 1878 1255 1913 omnibus
1286 1879 1410 1926 probis
1440 1879 1648 1916 hominibus
1670 1881 1793 1917 tocius

227 1952 324 1981 terre
351 1945 411 1981 sue
439 1945 588 1980 salutem
609 1966 616 1972 ·
638 1944 770 1980 Sciatis
797 1945 894 1992 quod
922 1946 1157 1981 conceffimus
1188 1947 1359 1994 magistro
1392 1955 1427 1984 et
1462 1949 1634 1985 fratribus
1665 1950 1792 1986 domus

228 2013 272 2048 de
302 2012 421 2049 Soltre
450 2018 488 2048 vt
517 2012 723 2058 vbicunque
754 2012 819 2059 ipfi
848 2012 905 2048 vel
937 2012 1102 2049 homines
1132 2014 1182 2049 sui
1214 2014 1347 2050 latores
1374 2016 1602 2062 presencium
1628 2017 1793 2054 inuenire

227 2086 400 2127 poterunt
419 2087 523 2116 extra
542 2079 704 2115 dominia
722 2079 845 2115 nostra
862 2081 1007 2116 natiuos
1025 2087 1061 2116 et
1080 2081 1254 2128 fugitiuos
1272 2082 1437 2118 homines
1456 2082 1613 2130 ipsorum
1631 2086 1793 2133 magistri

229 2155 263 2184 et
294 2149 446 2184 fratrum
473 2149 534 2195 qui
563 2148 612 2183 sui
645 2148 690 2183 de
715 2148 795 2183 iure
820 2154 856 2184 et
883 2149 1031 2184 racione
1063 2149 1131 2185 effe
1162 2150 1298 2186 debent
1326 2164 1387 2186 eos
1418 2152 1509 2187 iuste
1536 2152 1695 2190 habeant
1722 2176 1729 2183 -
1757 2161 1792 2191 et

227 2216 380 2252 firmiter
397 2216 600 2251 inhibemus
619 2229 664 2251 ne
684 2216 763 2262 quis
782 2229 843 2251 eos
871 2216 922 2252 eis
948 2217 1080 2253 iniuste
1100 2218 1265 2254 detinere
1283 2220 1491 2266 presumant
1509 2221 1614 2268 super
1632 2223 1792 2258 nostram

228 2283 429 2331 plenariam
466 2283 723 2318 foriffaeturam
756 2305 763 2312 ·
795 2284 944 2320 testibus
980 2284 1166 2321 Willelmo
1202 2286 1333 2323 comite
1369 2288 1414 2323 de
1450 2288 1556 2324 Marr
1590 2292 1792 2327 camerario

230 2346 390 2398 Hugone
409 2352 454 2387 de
473 2350 629 2399 Berclay
649 2350 848 2387 iusticiario
869 2351 1060 2388 Laudonie
1088 2360 1122 2389 et
1143 2354 1287 2391 Thoma
1306 2355 1492 2404 Ranulphi
1517 2379 1524 2386 ·
1553 2359 1650 2406 apud
1668 2359 1792 2408 Edyn-

230 2419 348 2467 burgh
369 2418 533 2455 vicefimo
553 2419 611 2455 die
631 2419 723 2455 Maii
742 2433 838 2455 anno
857 2420 960 2467 regni
979 2421 1091 2457 nostri
1111 2422 1260 2469 septimo
1280 2424 1434 2460 decimo.
