2147 2964
796 296 868 332 DE
895 296 1206 334 RESTALRIG.
1711 300 1781 337 287

215 392 323 428 liceat
352 392 455 428 nobis
482 399 545 429 aut
571 393 828 430 successoribus
858 394 989 430 nostris
1018 394 1146 431 Scocie
1173 395 1318 443 regibus
1346 408 1413 443 pro
1440 400 1604 443 tempore
1630 396 1782 432 existen-

214 460 310 496 tibus
329 461 439 496 alium
457 462 629 497 idoneum
657 462 738 498 loeo
758 463 834 498 eius
861 463 1071 510 presentare
1099 470 1136 498 et
1160 464 1300 499 decano
1319 463 1414 498 (Ιίἃο
1433 464 1640 510 presentato
1659 464 1781 499 absen-

214 530 272 564 cia
290 535 330 565 ut
347 530 570 577 premittitur
588 530 732 566 notorie
752 531 901 578 cognita
919 531 1158 566 collacionem
1177 531 1215 566 in
1235 531 1351 566 forma
1369 532 1536 567 conferre
1557 554 1564 561 -
1586 531 1677 566 Item
1697 531 1783 578 quia

213 598 295 644 plus
314 598 434 645 placet
452 598 535 634 Deo
554 598 696 646 rugitus
722 599 831 634 boum
860 606 922 634 aut
948 599 1117 646 grunitus
1144 611 1338 646 porcorum
1359 612 1466 646 quam
1486 605 1614 634 cantus
1632 600 1782 646 probro-

214 679 295 701 rum
322 666 591 701 luxuriancium
619 672 656 702 et
681 679 743 701 eos
770 667 886 702 eciam
913 667 1019 702 decet
1046 667 1142 702 caste
1167 672 1203 702 et
1231 666 1462 702 immaculate
1483 667 1608 702 viuere
1628 679 1782 713 quorum

215 746 371 781 corpora
388 734 618 781 sepulchrum
639 733 775 770 Christi
803 734 1010 769 efficiuntur
1030 740 1065 769 et
1088 734 1434 780 immaculatumque
1450 734 1600 781 Agnum
1614 733 1783 780 Virginis

213 801 327 837 filium
356 801 519 848 quotidie
546 801 735 837 immolant
770 801 961 836 statuimus
988 801 1100 848 igitur
1128 807 1163 836 et
1191 801 1401 836 ordinamus
1429 801 1527 847 quod
1553 801 1674 836 nullus
1704 814 1783 848 pre-

214 870 473 905 bendariorum
501 869 740 904 concubinam
770 875 832 904 aut
860 869 1035 904 focariam
1055 869 1128 904 flue
1153 869 1343 905 mulierem
1372 869 1514 904 occulte
1541 869 1783 905 introductam

214 938 348 974 habeat
375 943 437 973 aut
463 938 634 973 deteneat
655 958 662 965 ·
682 943 718 973 et
737 937 761 972 fi
781 937 1007 973 contrarium
1034 938 1165 973 fecerit
1192 943 1228 972 ct
1256 944 1312 973 ter
1339 937 1498 972 monitus
1524 950 1588 985 per
1607 938 1783 973 decanum

215 1012 277 1042 aut
297 1006 373 1041 eius
392 1006 511 1041 locum
532 1012 716 1041 tenentem
738 1004 764 1040 fi
791 1018 864 1040 non
885 1005 1139 1041 emendauerit
1158 1011 1194 1040 et
1221 1005 1319 1040 illam
1347 1005 1492 1053 prorsus
1519 1018 1593 1040 non
1612 1006 1785 1041 dimiserit

215 1075 364 1110 realiter
379 1081 416 1110 et
431 1087 513 1109 cum
529 1074 659 1110 effe&u
671 1073 750 1121 post
764 1074 899 1109 trinam
914 1074 1158 1109 monicionem
1175 1074 1365 1109 censeatur
1380 1074 1443 1109 sua
1457 1074 1645 1121 prebenda
1656 1087 1785 1110 vacare

216 1150 252 1178 et
270 1143 420 1179 realiter
444 1148 549 1178 vacet
577 1142 683 1177 alteri
712 1142 937 1178 eonferenda
963 1142 1072 1177 modo
1099 1142 1172 1177 iam
1200 1141 1402 1189 expreffata
1420 1163 1428 1170 ·
1449 1147 1485 1178 et
1504 1143 1590 1188 quia
1608 1155 1681 1177 non
1701 1143 1786 1178 licet

216 1211 423 1259 brigatores
441 1216 477 1246 et
496 1210 676 1246 discordie
704 1216 766 1246 aut
793 1210 917 1246 licium
946 1210 1182 1246 seminatores
1209 1210 1377 1245 interesse
1404 1215 1440 1245 et
1468 1211 1558 1245 alios
1586 1211 1787 1246 confratres

216 1278 409 1314 molestare
438 1278 497 1313 vbi
524 1277 639 1313 Filius
665 1278 767 1325 pacis
794 1278 1002 1314 immolatur
1029 1278 1115 1313 item
1145 1284 1184 1313 ut
1213 1279 1319 1325 supra
1346 1279 1391 1313 de
1422 1278 1570 1314 focariis
1599 1279 1788 1315 statuimus

218 1347 338 1394 quoad
359 1346 501 1381 eosdem
529 1358 611 1381 cum
635 1345 716 1381 aliis
742 1346 846 1393 penis
873 1359 940 1393 per
959 1346 1139 1382 decanum
1166 1352 1229 1382 aut
1256 1346 1333 1382 eius
1352 1347 1471 1382 locum
1491 1352 1677 1382 tenentem
1696 1347 1787 1381 infli-

217 1416 347 1463 gendis
366 1421 402 1450 et
421 1414 458 1450 in
478 1414 620 1450 statutis
639 1414 816 1449 addendis
836 1435 843 1441 ·
858 1414 950 1450 Item
972 1415 1137 1450 similiter
1156 1415 1369 1450 ordinamus
1388 1421 1424 1450 et
1443 1414 1630 1450 statuimus
1650 1416 1747 1462 quod
1764 1416 1787 1450 fi

219 1484 300 1531 quis
318 1483 647 1531 prebendariorum
669 1483 913 1529 proteruitate
933 1484 1061 1518 ductus
1081 1483 1115 1517 in
1137 1482 1374 1529 anthiphonis
1393 1482 1626 1529 responsoriis
1644 1483 1788 1530 psalmis

219 1559 256 1588 et
274 1552 353 1588 aliis
372 1551 410 1586 in
427 1551 539 1587 choro
559 1550 752 1586 cantandis
770 1550 1084 1597 interrupcionem
1104 1557 1166 1586 aut
1185 1550 1392 1586 scandalum
1411 1551 1506 1586 male
1526 1552 1707 1586 cantando
1726 1558 1789 1587 aut

221 1619 388 1656 cessando
415 1619 601 1654 induxerit
628 1618 741 1665 ipsum
768 1619 1051 1665 prebendarium
1076 1618 1122 1654 fic
1141 1618 1413 1665 delinquentem
1432 1631 1525 1666 pena
1544 1619 1602 1654 sex
1623 1619 1789 1655 denario-

220 1702 300 1724 rum
319 1688 459 1724 tociens
478 1687 652 1734 quociens
678 1686 874 1732 deliquerit
901 1686 1146 1722 confratribus
1173 1686 1473 1734 applicandorum
1502 1686 1730 1722 multandum
1753 1694 1789 1723 et

219 1756 446 1804 puniendum
477 1755 555 1790 fore
582 1754 656 1789 -Et
685 1766 766 1789 cum
798 1753 947 1788 minime
978 1754 1106 1790 deceat
1137 1755 1399 1802 prebendarios
1430 1755 1531 1802 regie
1559 1755 1788 1790 fundacionis

220 1837 288 1872 pro
306 1823 504 1872 presenciis
522 1823 559 1857 id
579 1822 630 1857 est
649 1821 816 1856 mercede
835 1821 1096 1857 celebracionis
1115 1822 1348 1869 acquirendis
1367 1822 1503 1857 alienas
1523 1822 1691 1858 ecclefias
1711 1823 1788 1858 vifi-

221 1900 301 1929 tare
328 1891 494 1927 volumus
521 1896 557 1926 et
584 1889 773 1924 statuimus
802 1894 841 1924 ut
873 1901 940 1935 pro
971 1890 1145 1936 premiffis
1177 1890 1411 1936 acquirendis
1443 1896 1479 1925 et
1509 1889 1687 1925 habendis
1714 1903 1786 1925 non

222 1961 330 1996 liceat
349 1958 457 1994 alicui
477 1970 521 1993 cx
539 1957 671 1992 nostris
689 1956 943 2004 prebendariis
960 1963 1085 2003 preter
1102 1957 1293 1993 licenciam
1312 1957 1442 1993 decani
1459 1957 1574 2004 petita
1587 1962 1623 1992 et
1640 1963 1787 2004 optenta

223 2028 390 2077 premissa
417 2032 634 2074 attemptare
661 2025 724 2061 sub
747 2038 843 2073 pena
870 2025 1060 2061 duodecim
1093 2025 1327 2061 denariorum
1353 2025 1492 2060 tociens
1512 2025 1686 2072 quociens
1705 2038 1787 2061 con-

223 2097 396 2133 fratribus
415 2094 565 2142 capituli
590 2093 887 2142 applicandorum
909 2113 916 2121 ·
935 2092 1028 2128 Item
1048 2093 1237 2129 statuimus
1255 2098 1292 2129 et
1310 2092 1521 2128 ordinamus
1540 2093 1789 2128 anniuersaria

224 2172 260 2201 et
277 2164 449 2211 exequias
468 2175 549 2198 cum
569 2162 667 2197 missa
685 2162 747 2197 De
769 2161 892 2207 requie
919 2173 985 2208 pro
1013 2161 1144 2196 nostris
1171 2173 1241 2196 auo
1260 2166 1297 2196 et
1322 2166 1424 2206 patre
1451 2159 1629 2195 cariffimo
1648 2160 1673 2196 J
1676 2161 1788 2196 acobo

224 2233 339 2269 tercio
371 2239 408 2268 et
440 2239 570 2278 quarto
605 2229 798 2267 Scotorum
834 2228 979 2276 regibus
1014 2229 1144 2264 nostris
1179 2228 1473 2277 progenitoribus
1507 2227 1654 2275 singulis
1686 2228 1790 2263 annis

224 2301 352 2336 diebus
371 2299 490 2335 obitus
509 2298 708 2334 eorundem
726 2309 792 2344 per
811 2297 990 2332 decanum
1009 2302 1044 2332 et
1062 2296 1324 2344 prebendarios
1344 2295 1523 2331 celebrari
1540 2308 1583 2331 ea
1601 2295 1790 2332 honestate

224 2383 297 2418 qua
322 2375 442 2405 tantos
468 2367 652 2416 principes
671 2367 825 2402 deceat·
843 2371 880 2402 et
899 2365 1060 2400 similiter
1086 2364 1249 2400 nostrum
1276 2363 1564 2400 anniuersarium
1587 2363 1646 2398 die
1673 2364 1791 2400 obitus

223 2437 338 2474 nostri
364 2435 560 2483 matrisque
587 2441 624 2471 et
649 2433 905 2482 gubernatoris
932 2433 1046 2469 nostri
1073 2433 1247 2469 antediffiti
1274 2432 1434 2468 fiendum
1458 2452 1465 2459 ·
1485 2431 1578 2467 Item
1606 2432 1691 2479 quia
1717 2446 1789 2469 non
