2147 2964
314 308 424 343 cxviii
958 300 1247 338 APPENDIX.

315 405 479 447 collegiata
495 407 526 436 et
543 403 729 445 parrochiali
746 406 777 434 et
801 400 941 443 personis
963 399 1143 442 prescriptis
1165 398 1368 431 celebraturis
1391 403 1423 431 et
1438 399 1665 432 ministraturis
1684 402 1753 442 post
1768 410 1889 432 cessum

315 462 382 493 siue
397 461 557 493 decessum
581 458 726 500 magistri
749 456 863 490 Jacobi
886 456 1102 497 Lewyntoune
1124 454 1233 487 vicarii
1262 454 1402 486 moderni
1426 454 1552 487 ecclesie
1574 455 1779 497 parrochialis
1802 460 1890 486 ante-

315 518 398 549 dicte
413 526 469 557 per
485 526 541 546 nos
564 525 618 546 seu
642 523 832 545 successores
855 517 976 543 nostros
1002 510 1205 542 instituendis
1231 510 1322 541 iuxta
1344 510 1474 542 modum
1497 514 1529 542 et
1551 511 1686 542 formam
1709 513 1891 552 sequentem

315 571 432 603 futuris
443 569 638 611 temporibus
653 579 709 610 pro
724 568 814 600 nobis
827 571 858 599 et
871 566 1099 599 successoribus
1115 564 1229 597 nostris
1239 564 1475 606 imperpetuum
1487 565 1678 597 remansuris
1689 568 1720 597 et
1732 565 1892 596 duraturis

315 627 446 659 fecimus
461 631 557 667 atque
573 629 681 656 tenore
695 623 892 666 presencium
910 622 1044 654 facimus
1060 639 1066 645 ι
1084 621 1122 652 In
1140 620 1242 662 primo
1258 620 1405 652 videlicet
1419 620 1503 662 quod
1520 620 1654 652 vicarius
1669 620 1724 662 qui
1739 631 1796 662 pro
1812 623 1891 652 tem-

317 693 390 724 pore
406 681 502 713 fuerit
517 681 550 712 in
566 680 695 712 ecclesia
710 679 877 720 collegiata
899 688 954 719 per
970 688 1025 709 nos
1041 677 1092 708 uel
1108 686 1298 708 successores
1313 679 1433 707 nostros
1449 675 1662 707 instituendus
1684 680 1755 717 post
1770 686 1891 708 cessum

318 739 369 770 uel
385 738 545 769 decessum
561 736 638 768 dicti
655 734 763 767 vicarii
787 733 942 766 modernii
959 732 1088 765 habebit
1103 731 1271 764 annuatim
1287 734 1319 763 et
1334 731 1435 763 indies
1450 741 1558 763 omnes
1573 734 1605 763 et
1617 731 1757 773 singulos
1771 730 1893 762 fructus

319 794 460 825 redditus
476 796 507 825 et
522 795 695 833 prouentus
711 789 879 821 decimales
894 788 1067 820 incolarum
1084 786 1177 819 castri
1193 788 1224 818 et
1239 785 1396 818 dictarum
1413 786 1560 818 villarum
1583 786 1622 817 de
1638 785 1795 818 Dalketht
1810 786 1848 817 de
1864 786 1893 817 le

319 848 404 881 Park
419 849 457 880 de
472 848 501 879 le
518 847 657 879 Coldane
672 845 770 877 Eistir
786 849 818 876 et
834 844 954 876 'Westir
968 843 1222 874 molendinorum
1243 846 1275 873 et
1291 846 1447 873 terrarum
1469 842 1514 873 eis
1529 841 1760 883 assignatarum
1773 841 1893 883 predic-

318 910 424 937 tarum
439 914 500 945 que
515 904 705 935 consuerunt
720 900 916 942 temporibus
938 899 1101 931 retroactis
1123 900 1179 930 aut
1195 897 1390 939 temporibus
1405 897 1577 938 profuturis
1593 907 1790 929 consuescere
1806 903 1891 938 pote-

320 964 393 991 runt
409 959 525 990 vicario
540 958 623 989 dicte
646 956 772 989 ecclesie
796 954 1000 997 parrochialis
1022 954 1061 985 de
1088 953 1218 985 Leswad
1241 956 1380 994 spectare
1402 963 1456 983 seu
1480 952 1636 993 pertinere
1658 956 1690 984 et
1705 952 1784 984 duas
1800 953 1894 984 rudas

319 1020 399 1047 terre
416 1025 469 1056 per
484 1013 622 1045 nobilem
637 1011 843 1053 magnificum
860 1013 891 1042 et
907 1013 1068 1051 potentem
1089 1008 1254 1040 dominum
1271 1007 1429 1039 Jacobum
1452 1007 1599 1038 comitem
1616 1008 1655 1039 de
1671 1008 1838 1040 Mortoune
1861 1012 1893 1039 et

319 1070 485 1103 dominum
507 1069 546 1100 de
561 1067 716 1099 Dalketht
731 1067 862 1098 donatas
878 1075 933 1097 seu
948 1065 1038 1096 datas
1053 1074 1174 1095 necnon
1190 1063 1293 1094 vnitas
1316 1073 1455 1094 annexas
1470 1073 1525 1094 seu
1548 1062 1762 1104 incorporatas
1777 1064 1893 1095 vicario

320 1127 353 1158 in
376 1125 505 1158 ecclesia
527 1123 693 1165 collegiata
715 1121 876 1154 antedicta
898 1119 1094 1151 instituendo
1117 1129 1173 1161 pro
1189 1129 1299 1150 manso
1315 1118 1456 1150 eiusdem
1479 1118 1519 1149 ad
1535 1119 1798 1150 sustentacionem
1816 1119 1892 1151 dicti

320 1181 429 1213 vicarii
446 1191 500 1222 pro
515 1178 634 1211 diuinis
649 1189 704 1220 per
719 1177 840 1208 dictum
856 1175 1009 1207 vicarium
1033 1177 1067 1206 ut
1083 1173 1278 1215 premittitur
1301 1174 1334 1204 in
1349 1173 1478 1205 ecclesia
1499 1174 1666 1215 collegiata
1680 1175 1840 1206 antedicta
1862 1180 1894 1206 et

321 1238 479 1269 dictarum
495 1235 642 1266 villarum
657 1237 689 1265 et
704 1232 797 1264 castri
810 1231 920 1263 incolis
936 1230 1014 1262 alibi
1030 1229 1113 1260 infra
1129 1229 1245 1260 limites
1260 1229 1407 1259 villarum
1431 1232 1463 1259 et
1477 1229 1573 1260 castri
1595 1230 1767 1261 eorundem
1783 1230 1895 1262 diuina

322 1291 508 1324 celebraturi
532 1294 564 1322 et
590 1288 798 1321 ecclesiastica
820 1290 1016 1318 sacramenta
1042 1284 1251 1316 ministraturi
1278 1284 1369 1316 iuxta
1394 1288 1537 1316 tenorem
1563 1287 1648 1316 carte
1674 1285 1751 1317 dicti
1774 1286 1895 1317 domini

321 1347 445 1380 comitis
460 1347 593 1387 desuper
615 1344 755 1376 confecte
777 1360 783 1366 ·
809 1343 893 1373 Tum
916 1341 1052 1373 secundo
1074 1340 1159 1381 quod
1180 1339 1313 1371 vicarius
1335 1339 1369 1370 in
1384 1339 1513 1371 ecclesia
1529 1340 1715 1381 parrochiali
1737 1341 1895 1373 antedicta

322 1402 498 1435 deseruiens
522 1404 593 1442 post
608 1409 730 1431 cessum
750 1398 816 1429 siue
840 1397 1002 1428 decessum
1023 1395 1101 1427 dicti
1117 1394 1224 1426 vicarii
1248 1395 1390 1426 moderni
1415 1395 1543 1427 habebit
1565 1396 1733 1427 annuatim
1748 1401 1780 1428 et
1795 1397 1897 1429 indies

322 1469 429 1490 omnes
444 1457 566 1488 fructus
582 1454 722 1486 redditus
737 1457 769 1485 et
785 1455 957 1494 prouentus
972 1450 1138 1482 decimales
1154 1449 1347 1491 reliquorum
1363 1450 1506 1481 omnium
1521 1450 1797 1491 parrochianorum
1813 1451 1897 1483 infra

322 1515 438 1545 dictam
456 1511 651 1554 parrochiam
668 1507 935 1541 commorancium
951 1506 1170 1548 prouenientes
1185 1505 1299 1538 vicario
1319 1505 1402 1538 dicte
1417 1505 1543 1538 ecclesie
1558 1506 1634 1538 olim
1650 1510 1826 1548 spectantes
1843 1518 1897 1539 seu

322 1573 462 1611 spectare
485 1567 702 1607 contingentes
725 1568 756 1596 et
782 1564 823 1595 ad
849 1562 949 1604 ipsius
975 1560 1238 1594 sustentacionem
1262 1571 1318 1602 pro
1341 1561 1459 1593 diuinis
1482 1572 1537 1603 per
1559 1573 1632 1594 eum
1648 1562 1850 1595 celebraturis
1866 1569 1897 1595 et

322 1624 526 1657 sacramentis
540 1620 754 1655 ecclesiasticis
770 1630 824 1662 per
840 1619 964 1651 dictum
979 1617 1132 1649 vicarium
1155 1617 1219 1649 suis
1234 1616 1449 1658 parrochianis
1472 1617 1707 1650 ministraturis.
1754 1618 1796 1650 Et
1812 1619 1896 1660 quod

323 1681 480 1712 dictorum
506 1678 692 1710 vicariorum
723 1674 991 1707 instituendorum
1022 1673 1055 1704 in
1079 1672 1170 1704 dictis
1192 1671 1315 1704 vicariis
1338 1683 1393 1714 per
1420 1683 1540 1704 cessum
1564 1673 1613 1705 vel
1636 1673 1797 1705 decessum
1819 1674 1897 1706 dicti

323 1735 433 1768 vicarii
448 1734 590 1766 moderni
606 1732 658 1764 uel
672 1735 743 1773 post
758 1729 976 1762 instituciones
991 1728 1148 1760 dictorum
1164 1727 1351 1759 vicariorum
1367 1727 1399 1759 in
1416 1728 1545 1769 prefatis
1560 1728 1683 1760 vicariis
1700 1739 1773 1760 cum
1788 1729 1897 1760 eedem

325 1791 460 1823 vicissim
483 1788 665 1821 vacauerint
694 1791 750 1818 aut
776 1785 883 1827 aliqua
912 1794 1021 1816 earum
1052 1783 1323 1825 qualitercumque
1346 1782 1516 1824 separatim
1538 1783 1696 1814 vacauerit
1717 1783 1844 1824 quando
1866 1788 1896 1816 et

326 1846 471 1889 quociens
487 1845 546 1876 hoc
561 1844 626 1875 fore
641 1840 809 1883 contigerit
821 1839 962 1882 plenaria
974 1838 1110 1880 prouisio
1123 1837 1288 1879 disposicio
1305 1848 1360 1869 seu
1376 1837 1505 1869 collacio
1521 1838 1609 1869 nobis
1625 1842 1657 1870 et
1671 1839 1898 1871 successoribus

327 1901 439 1934 nostris
454 1899 606 1942 episcopis
621 1896 844 1930 Sanctiandree
868 1895 1101 1936 imperpetuum
1125 1893 1279 1934 spectabit
1302 1896 1396 1934 prout
1417 1892 1545 1924 inantea
1561 1893 1637 1925 dicti
1652 1894 1759 1925 vicarii
1782 1894 1897 1935 princi-

327 1957 406 1999 palis
421 1955 510 1988 nobis
525 1958 556 1986 et
579 1951 843 1995 predecessoribus
866 1949 980 1982 nostris
1002 1948 1140 1990 prouisio
1162 1948 1327 1990 disposicio
1350 1959 1405 1980 seu
1428 1948 1555 1980 collacio
1578 1949 1742 1990 spectauit.
1793 1949 1897 1988 Quam

327 2012 476 2043 vicariam
491 2009 696 2052 principalem
713 2018 785 2039 cum
801 2005 949 2038 omnibus
972 2005 1036 2036 suis
1052 2004 1174 2035 iuribus
1196 2003 1418 2045 dependenciis
1434 2005 1464 2035 et
1479 2003 1612 2035 annexis
1627 2004 1728 2035 causis
1750 2005 1898 2046 pretactis

328 2067 458 2100 attentis
473 2066 507 2097 in
523 2066 611 2097 binas
627 2063 757 2095 vicarias
777 2073 833 2104 pro
856 2061 979 2093 duobus
994 2059 1117 2091 vicariis
1142 2059 1174 2090 in
1198 2058 1290 2090 dictis
1312 2058 1448 2090 ecclesiis
1471 2058 1634 2101 collegiata
1656 2062 1687 2091 et
1712 2059 1897 2100 parrochiali

329 2122 438 2154 diuina
453 2119 652 2153 celebraturis
667 2129 703 2150 ac
719 2120 915 2149 sacramenta
930 2115 1138 2147 ecclesiastica
1152 2114 1288 2156 personis
1300 2113 1527 2155 prenominatis
1543 2125 1597 2156 per
1610 2113 1739 2146 modum
1751 2114 1898 2146 seccionis

328 2182 360 2209 et
375 2176 538 2208 diuisionis
553 2175 730 2217 predictum
746 2170 971 2204 ministraturis
993 2181 1048 2212 per
1071 2180 1191 2202 cessum
1216 2180 1270 2201 seu
1294 2169 1453 2201 decessum
1469 2169 1545 2201 dicti
1568 2169 1676 2201 vicarii
1692 2169 1833 2201 moderni
1850 2169 1897 2201 in-

332 2231 560 2273 presenciarum
576 2230 614 2261 de
630 2239 712 2260 nouo
727 2227 923 2270 presencium
939 2236 993 2267 per
1009 2228 1148 2257 tenorem
1165 2236 1220 2267 pro
1243 2227 1394 2267 perpetuo
1410 2224 1576 2256 duraturas
1591 2235 1732 2256 creamus
1748 2225 1898 2266 erigimus

333 2286 458 2317 vnimus
480 2296 516 2316 ac
540 2296 594 2326 pro
611 2284 699 2316 nobis
714 2286 745 2315 et
768 2281 993 2314 successoribus
1016 2281 1130 2312 nostris
1151 2279 1350 2312 annectimus
1373 2281 1404 2311 et
1419 2279 1653 2321 incorporamus
1676 2297 1682 2303 -
1707 2279 1808 2318 Quem
1824 2290 1898 2311 vero

334 2341 484 2372 vicarium
511 2340 544 2371 in
570 2339 655 2371 dicta
681 2338 810 2370 ecclesia
835 2336 1000 2378 collegiata
1029 2336 1259 2368 instituendum
1288 2345 1421 2376 suosque
1450 2345 1638 2366 successores
1664 2335 1747 2366 dicte
1773 2334 1898 2366 ecclesie

333 2395 495 2436 collegiate
517 2394 645 2426 vicarios
668 2404 836 2435 omnesque
859 2395 890 2424 et
913 2391 1052 2433 singulos
1074 2391 1211 2423 eiusdem
1239 2389 1365 2422 ecclesie
1387 2393 1418 2421 et
1441 2390 1517 2422 dicti
1542 2390 1648 2422 vicarii
1674 2400 1899 2422 successorum-

334 2460 394 2492 que
423 2450 562 2482 eiusdem
592 2449 674 2481 dicte
704 2448 830 2481 ecclesie
859 2447 1021 2488 collegiate
1050 2446 1267 2488 parrochianos
1297 2448 1337 2479 ab
1364 2447 1449 2479 omni
1476 2445 1692 2478 iurisdiccione
1718 2446 1899 2478 obediencia
