2147 2964
226 715 272 750 50*

233 2144 276 2181 57

340 281 407 312 118
639 275 952 313 REGISTRUM
979 275 1235 313 ECCLESIE
1265 277 1606 314 COLLEGIATE

338 375 502 411 Wilsoun
535 375 720 411 Willelmo
751 375 823 410 Sim
851 375 997 411 Joanne
1028 375 1221 412 Robesoun
1249 382 1284 411 et
1302 376 1449 412 Joanne
1469 376 1651 412 Makneill
1680 377 1882 413 notariis..

338 457 419 479 cum
439 471 443 476 .
464 472 469 477 .
489 472 495 478 .
516 443 606 479 aliis.

339 592 454 628 Carta
471 592 495 628 J
500 592 627 629 oannis
647 592 899 629 Haliburtoun
918 593 954 628 in
974 591 1241 628 Murehoussaw
1262 599 1443 629 terrarum
1462 594 1507 629 de
1529 592 1749 642 Soltrayflat.

343 700 539 755 OMMBUS
561 747 565 751 .
586 746 591 751 .
611 746 616 751 .
633 717 802 752 dominus
818 716 982 752 Thomas
1001 716 1165 764 Kairnys
1184 717 1394 765 capellanus
1415 716 1499 765 [etc.
1517 724 1555 753 ut
1571 718 1679 764 supra
1693 717 1766 752 No.
1783 717 1845 766 55]
1865 747 1871 753 .
1887 747 1891 752 .
1907 756 1912 760 ,

339 786 489 821 salutem
509 814 514 820 .
535 814 540 819 .
560 814 565 820 .
588 785 777 821 Noueritis
801 798 858 820 me
887 785 970 833 [etc.
992 792 1030 820 ut
1049 786 1154 833 supra
1174 785 1244 820 No.
1265 785 1328 833 55]
1350 813 1355 818 .
1375 814 1380 819 .
1401 814 1405 819 .
1427 785 1631 821 concefliss'e
1650 815 1655 820 .
1676 814 1681 819 .
1700 814 1705 819 .
1730 785 1912 821 Willelmo

341 854 590 890 Haliburtoun
609 882 615 887 .
635 882 640 888 .
660 882 665 887 .
682 854 837 889 durante
854 860 1017 901 tempore
1040 854 1113 888 vite
1132 853 1192 888 sue
1212 866 1356 889 necnon
1376 883 1381 888 .
1401 883 1406 888 .
1426 883 1432 888 .
1451 854 1588 889 Joanni
1605 854 1854 889 Haliburtoun
1876 855 1910 889 in

340 922 606 958 Murehoussaw
626 951 631 957 .
651 950 657 956 .
676 951 681 956 .
702 922 923 958 hereditarie
943 951 947 956 .
969 950 973 955 .
994 951 1000 956 .
1024 922 1164 969 peciam
1203 928 1299 958 terre
1335 929 1582 970 nuncupatam
1621 922 1833 970 Soltrayflat
1851 952 1856 957 .
1876 952 1881 957 .
1903 953 1908 957 .

339 1005 418 1027 mee
447 991 650 1039 capellanie
675 991 894 1038 spe&antem
914 1020 919 1026 .
939 1020 944 1025 .
964 1019 969 1024 .
992 990 1089 1026 infra
1116 990 1238 1025 villam
1267 998 1302 1025 et
1330 991 1556 1026 territorium
1586 991 1630 1026 de
1659 990 1840 1026 Maxtoun
1868 1004 1910 1026 ex

340 1066 443 1108 parte
471 1059 618 1095 australi
647 1059 740 1094 difite
761 1059 846 1094 ville
873 1058 910 1093 in
930 1058 1090 1093 dominio
1111 1059 1155 1093 de
1176 1058 1354 1094 Maxtoun
1384 1064 1419 1094 et
1438 1058 1534 1094 infra
1554 1059 1847 1095 vicecomitatum
1867 1060 1912 1094 de

341 1128 541 1165 Roxburch
556 1149 563 1156 ·
580 1140 722 1163 necnon
742 1156 748 1162 .
767 1155 773 1161 .
792 1156 797 1161 .
818 1126 960 1174 peciam
980 1132 1076 1162 terre
1095 1132 1342 1173 nuncupatam
1359 1126 1625 1174 Pharniparkis
1644 1156 1650 1161 .
1668 1156 1673 1161 .
1689 1156 1694 1161 .
1710 1128 1912 1175 capellanie

340 1226 345 1232 .
361 1227 366 1232 .
384 1225 389 1231 .
409 1198 652 1245 pertinentem
669 1197 851 1231 iacentem
867 1196 961 1231 inter
976 1201 1093 1231 terras
1109 1195 1153 1229 de
1169 1193 1349 1229 Maxtoun
1369 1207 1412 1229 ex
1427 1200 1531 1241 parte
1553 1195 1722 1230 orientali
1743 1202 1778 1231 et
1798 1202 1914 1231 terras

340 1267 385 1300 de
404 1266 681 1312 Langnewtoun
702 1277 745 1299 ex
764 1270 868 1311 parte
889 1262 1107 1298 occidentali
1126 1261 1223 1296 infra
1242 1262 1442 1296 dominium
1463 1269 1499 1297 et
1520 1262 1812 1298 vicecomitatum
1832 1277 1914 1311 pre-

341 1334 476 1369 dictum
497 1356 503 1362 -
524 1332 744 1379 quequidem
764 1332 834 1366 due
853 1330 956 1378 pecie
975 1358 980 1364 .
1000 1359 1005 1364 .
1025 1359 1030 1364 .
1050 1330 1165 1365 locari
1193 1330 1461 1365 consueuerunt
1488 1331 1675 1365 annuatim
1704 1344 1769 1379 pro
1787 1332 1912 1368 decem

340 1401 462 1436 solidis
481 1406 621 1436 tantum
642 1427 647 1433 .
667 1428 672 1433 .
692 1428 698 1434 .
719 1399 924 1435 Reddendo
952 1398 1038 1433 inde
1062 1397 1251 1433 annuatim
1270 1425 1276 1431 .
1295 1426 1301 1431 .
1320 1426 1326 1431 .
1345 1398 1519 1433 summam
1539 1399 1815 1444 quatuordecim
1835 1400 1915 1434 soli-

339 1470 470 1504 dorum
488 1496 493 1501 .
514 1496 520 1501 .
539 1496 545 1502 .
567 1467 689 1503 Scotie
708 1494 713 1500 .
734 1495 739 1500 .
759 1496 764 1500 .
785 1467 898 1513 Apud
916 1495 921 1500 .
942 1494 947 1500 .
967 1494 973 1500 .
995 1465 1203 1513 Collegium
1223 1468 1271 1500 20
1293 1464 1518 1513 Septembris
1540 1469 1634 1501 1555
1656 1495 1661 1500 .
1680 1496 1686 1501 .
1706 1495 1710 1500 .
1732 1466 1914 1503 Dominus

341 1536 502 1572 Thomas
522 1535 710 1582 Kairnyce
731 1564 735 1569 .
754 1563 759 1568 .
779 1563 785 1568 .
803 1534 988 1582 Georgius
1008 1533 1256 1582 Clappertoun
1275 1562 1280 1567 .
1299 1560 1305 1567 .
1325 1561 1330 1566 .
1351 1534 1519 1569 dominus
1536 1534 1749 1570 Alexander
1766 1535 1914 1584 Henry-

340 1606 423 1640 sone
440 1632 445 1637 .
465 1633 471 1638 .
491 1633 496 1638 .
515 1603 697 1638 Dominus
718 1602 842 1638 Dauid
864 1601 950 1650 Sym
965 1630 971 1636 .
987 1629 993 1635 .
1009 1631 1014 1637 .
1030 1601 1201 1649 magister
1219 1602 1385 1638 Joannes
1404 1602 1670 1639 Manderstoun
1685 1632 1690 1637 .
1703 1632 1708 1638 .
1723 1632 1729 1638 .
1745 1604 1913 1652 magister

340 1672 489 1708 Marcus
525 1671 664 1707 Lamb.
687 1699 693 1704 .
717 1699 722 1705 .
746 1671 915 1706 dominus
950 1670 1114 1706 Joannes
1150 1669 1370 1718 Bannatyne
1398 1697 1403 1703 .
1431 1699 1436 1704 .
1464 1698 1470 1703 .
1500 1671 1668 1706 dominus
1705 1671 1912 1707 VVillelmus

344 1742 543 1789 Yhounger
561 1769 567 1775 .
588 1769 593 1774 .
612 1769 617 1774 .
638 1740 805 1775 dominus
824 1740 1014 1775 Johannes
1033 1735 1256 1788 Lynlythqw
1277 1738 1445 1773 dominus
1464 1738 1654 1774 Johannes
1674 1739 1812 1787 Wycht
1830 1768 1835 1773 .
1855 1768 1860 1773 .
1880 1769 1885 1774 .

442 1810 541 1845 Data
559 1808 673 1844 safina
691 1837 697 1842 .
717 1837 722 1842 .
741 1836 746 1841 .
767 1811 814 1843 23
834 1807 989 1843 eiusdem
1010 1807 1140 1842 mensis
1160 1819 1256 1841 anno
1276 1806 1515 1854 suprascripto
1535 1836 1539 1841 .
1559 1835 1565 1840 .
1586 1834 1592 1841 .

343 1960 455 1996 Carta
473 1957 634 2005 magistri
650 1955 805 1992 Dauidis
821 1954 953 1991 Rollok
970 1960 1006 1990 et
1021 1953 1180 1990 Mariote
1195 1954 1435 2001 Liuingstoun
1456 1953 1532 1989 eius
1548 1954 1712 2001 coniugis
1728 1961 1907 1991 terrarum

341 2029 385 2063 de
405 2027 518 2062 Pows.

348 2133 543 2189 OMNfflus
563 2178 568 2184 .
588 2177 593 2182 .
614 2178 618 2183 .
639 2148 807 2184 dominus
836 2147 1020 2195 Georgius
1050 2147 1301 2195 Clappertoun
1330 2145 1531 2194 prepofitus
1549 2173 1554 2178 .
1574 2173 1579 2178 .
1600 2173 1605 2179 .
1627 2144 1757 2181 Sancte
1785 2146 1907 2182 Trini-

343 2219 426 2254 tatis
445 2247 450 2253 .
471 2246 477 2253 .
496 2246 501 2251 .
523 2223 558 2253 et
585 2216 819 2265 prebendarii
838 2244 843 2250 .
863 2244 869 2250 .
888 2244 894 2250 .
913 2215 1064 2251 salutem
1082 2243 1088 2249 .
1108 2243 1114 2249 .
1133 2243 1139 2249 .
1160 2214 1349 2250 Noueritis
1377 2226 1443 2248 nos
1463 2241 1468 2246 .
1488 2241 1494 2246 .
1513 2241 1519 2247 .
1539 2212 1740 2248 conceffiss'e
1759 2241 1764 2247 .
1783 2241 1788 2246 .
1809 2242 1814 2247 .
1833 2227 1906 2250 ma-

342 2286 453 2334 gistro
472 2286 611 2321 Dauidi
631 2285 765 2321 Rollok
789 2291 825 2320 et
844 2284 1004 2320 Mariote
1031 2283 1279 2330 Levingstoun
1307 2283 1384 2318 eius
1412 2282 1558 2329 coniugi
1577 2310 1582 2316 .
1601 2311 1606 2317 .
1626 2310 1632 2316 .
1653 2289 1688 2318 et
1711 2283 1906 2321 heredibus

344 2355 413 2389 suis
432 2383 438 2387 .
459 2360 625 2389 ..terras
652 2355 697 2389 de
725 2353 829 2389 Pows
857 2366 939 2388 cum
965 2352 1176 2388 molendino
1204 2351 1477 2387 earundem...
1503 2350 1662 2386 iacentes
1690 2351 1724 2386 in
1753 2352 1905 2389 baronia

347 2422 390 2457 de
411 2422 524 2457 Plane
548 2422 644 2457 infra
672 2421 966 2457 vicecomitatum
993 2421 1038 2456 de
1068 2419 1260 2467 Striuiling
1279 2441 1286 2447 ·
1306 2418 1523 2466 quequidem
1544 2447 1549 2452 .
1569 2448 1574 2452 .
1595 2447 1599 2452 .
1621 2419 1766 2455 fuerunt
1794 2420 1905 2457 Alex-
