2147 2964
489 322 699 359 SANCTE
728 322 1043 360 TRINITATIS
1071 324 1141 359 DE
1171 324 1506 362 EDINBURGH.
1719 331 1788 362 143

216 419 258 454 In
278 420 403 466 primis
423 421 571 468 duplum
591 421 877 456 confirmationis
895 422 1120 458 fundationis
1139 424 1233 460 difflze
1253 424 1402 460 ecclesie
1422 424 1614 471 collegiate
1633 425 1678 460 de
1698 426 1784 461 data

214 488 311 534 apud
340 487 686 524 Sannumandream
716 489 834 536 primo
861 489 920 524 die
953 490 1082 526 menfis
1111 491 1252 538 Aprilis
1285 505 1380 528 anno
1408 492 1560 528 Domini
1592 492 1781 528 millesimo

213 556 567 603 quadringentesimo
589 556 808 604 sexagesimo
827 557 996 592 secundo.

212 622 304 658 Item
324 623 415 658 liber
434 623 577 671 registri
603 623 639 659 in
660 636 882 671 pergameno
903 624 1055 671 scriptus
1074 632 1110 661 et
1129 626 1348 673 subscriptus
1374 639 1438 674 per
1458 627 1645 662 dominum
1664 628 1777 664 ‹Ioan-

211 703 292 725 nem
315 690 499 736 Dingwall
518 696 553 726 et
575 691 849 738 prebendarios.

210 757 301 793 Item
320 758 391 792 duo
419 758 479 793 alii
508 758 589 793 libri
618 759 654 793 in
682 771 904 806 pergameno
933 759 1162 795 continentes
1187 767 1306 796 cartas
1335 761 1477 809 collegii
1508 762 1579 797 fine
1605 764 1776 811 subscrip-

208 826 305 860 tione
324 826 360 860 in
380 826 461 861 fine.

206 892 295 928 Item
315 893 406 928 alius
426 893 518 928 liber
537 893 755 940 subscriptus
774 907 839 941 per
860 895 1063 942 Georgium
1085 894 1269 930 Newtoun
1290 897 1484 932 notarium.

206 960 294 996 Item
325 960 552 996 confirmatio
581 960 638 996 Pii
665 973 758 1008 pape
787 962 892 1009 super
911 962 1126 998 fundatione
1145 963 1190 998 de
1215 963 1301 999 data
1319 964 1506 1000 millefimo
1532 966 1776 1014 quadringen-

203 1028 326 1064 tesimo
345 1029 562 1077 sexagesimo
583 1029 752 1065 seeundo.

202 1097 294 1133 Item
327 1097 606 1134 instrumentum
638 1098 744 1146 super
776 1100 992 1136 executione
1024 1099 1181 1135 eiusdem
1214 1100 1276 1135 sub
1305 1106 1393 1137 nota
1420 1101 1596 1138 Richardi
1622 1102 1773 1139 Roberti

201 1165 392 1212 prisbiteri.

201 1234 292 1270 Item
313 1235 492 1270 sententia
511 1234 585 1270 lata
607 1247 672 1281 per
693 1235 881 1270 Andream
910 1236 1114 1283 episcopum
1138 1236 1398 1284 Glasguensem
1420 1239 1524 1286 super
1543 1240 1773 1276 anecsatione

200 1302 389 1350 dignitatis
409 1302 630 1338 cancellarie
650 1303 695 1338 de
717 1302 874 1351 Soltray.

201 1370 292 1406 Item
312 1370 492 1417 processus
512 1377 641 1406 contra
660 1371 752 1406 sedis
773 1371 981 1407 vacantium
996 1383 1063 1418 pro
1080 1371 1235 1419 collegio
1254 1371 1383 1408 Sanetu-
1398 1373 1604 1410 Trinitatis.

200 1439 291 1475 Item
322 1439 550 1474 confirmatio
580 1439 708 1474 decani
738 1444 774 1474 et
800 1439 996 1474 subdecani
1024 1440 1069 1475 de
1097 1439 1295 1476 Dunnotar
1322 1447 1587 1478 annexatorum
1616 1444 1769 1492 collegio

198 1521 262 1555 per
280 1508 421 1543 «Iulium
440 1521 572 1556 papam
592 1508 637 1542 de
656 1507 743 1542 data
761 1507 949 1542 millesimo
968 1508 1257 1555 quingentesimo
1278 1516 1419 1556 quarto.

198 1576 289 1612 Item
311 1576 417 1623 eopia
436 1575 687 1623 relliquiarum
708 1575 866 1623 collegii.

196 1644 289 1680 Item
310 1645 587 1691 transsumptum
606 1643 800 1679 ereetionis
819 1643 949 1679 decani
969 1649 1004 1679 et
1024 1644 1220 1679 subdecani
1240 1644 1325 1679 diffi
1345 1644 1502 1691 collegii.

197 1713 288 1748 Item
316 1716 435 1748 aetum
463 1711 773 1759 transsumptionis
801 1712 1068 1748 euidentiarum
1098 1711 1243 1759 collegii
1270 1724 1336 1759 per
1364 1713 1551 1748 officialem
1577 1713 1766 1750 Laudonie

196 1783 241 1817 de
260 1782 346 1816 data
367 1784 411 1816 12
431 1780 522 1816 Maii
543 1793 639 1816 anno
658 1781 692 1816 im
712 1780 1000 1828 quingentesimo
1022 1779 1190 1827 vigefimo
1210 1780 1317 1815 sexto.

197 1850 289 1886 Item
318 1849 461 1885 sollutio
489 1849 616 1884 annati
644 1849 689 1885 de
708 1848 928 1896 Vtherogall
955 1861 1022 1895 pro
1042 1847 1216 1883 Eduardo
1240 1847 1389 1882 Bonkill
1416 1848 1596 1896 preposito
1617 1850 1661 1884 de
1681 1851 1766 1886 data

197 1931 293 1954 anno
313 1918 347 1953 i¹¹¹
367 1916 725 1965 quadringentesimo
747 1916 916 1964 vigesimo
940 1903 1224 1964 [sexagesimo-NJ
1249 1916 1418 1952 secundo.

198 1987 290 2022 Item
319 1992 420 2022 carta
447 1998 652 2021 annuorum
680 1986 886 2021 reddituum
916 1985 1010 2020 infra
1037 1984 1157 2020 villam
1181 1985 1224 2019 de
1244 1984 1352 2020 Leith
1380 1984 1473 2021 fa&a
1501 1998 1565 2032 per
1583 1985 1764 2022 Jacobum

198 2056 392 2092 seeundum
412 2067 533 2102 regem
556 2054 759 2090 Scotorum.

198 2124 291 2160 Item
311 2123 383 2159 alia
402 2128 504 2159 carta
523 2128 706 2157 terrarum
725 2122 770 2156 de
789 2121 898 2157 Leith
917 2121 1010 2157 satta
1028 2133 1093 2168 per
1112 2121 1247 2156 dietum
1267 2133 1401 2168 regem.

198 2192 291 2229 Item
312 2197 414 2228 carta
432 2190 569 2226 domini
591 2189 805 2225 Newbottill
824 2195 1005 2225 terrarum
1024 2190 1069 2225 de
1089 2189 1207 2225 Leith.

200 2261 292 2297 Item
312 2267 415 2296 carta
434 2259 578 2294 Thome
596 2258 661 2293 filii
680 2257 871 2293 Laurentii
891 2256 997 2304 super
1017 2263 1225 2293 tenemento
1243 2257 1337 2292 faeta
1355 2256 1492 2292 Simoni
1511 2258 1556 2293 de
1578 2257 1746 2294 Hiltoun.

198 2329 293 2365 Item
311 2335 414 2365 carta
430 2327 570 2363 abbatis
590 2327 634 2361 de
655 2317 868 2361 Ne'wbottill
887 2325 932 2360 (le
952 2325 1066 2361 tribus
1085 2326 1179 2361 acris
1198 2326 1243 2361 de
1265 2326 1492 2374 Grenesyde.

200 2397 292 2433 Item
312 2404 413 2433 carta
432 2396 532 2432 Petri
553 2396 598 2431 de
617 2394 770 2430 Mai-ebe
791 2394 895 2441 super
913 2393 975 2429 sua
993 2400 1092 2429 terra
1112 2393 1258 2429 vendita
1277 2394 1423 2429 domine
1442 2394 1579 2441 regine.
