2147 2964
117 667 163 699 24

116 1767 163 1799 25

116 2033 163 2069 26

533 295 747 334 SANCTE
776 295 1096 334 TRINITATIS
1124 297 1196 333 DE
1223 297 1561 336 EDINBURGH.
1763 305 1810 341 95

230 473 344 511 Carta
370 473 504 510 Jacobi
532 474 673 511 Barcar
699 474 766 510 filii
794 481 830 511 et
856 475 1003 511 heredis
1031 477 1215 523 quondam
1237 477 1390 513 Roberti
1416 477 1556 514 Barcar
1582 479 1702 514 incole
1723 479 1808 515 ville

229 543 275 578 de
294 543 446 591 Leytht.

229 649 459 703 MAG1s'rER
494 665 686 702 Johannes
722 665 923 714 Dyngwall
959 667 1202 703 cancellarius
1234 667 1501 705 Abirdonenfis
1533 683 1576 706 ac
1607 674 1807 720 prepositus

228 732 378 769 ecclesie
407 733 602 782 collegiate
624 733 757 770 sanae
778 734 975 770 Trinitatis
1002 740 1038 770 et
1064 735 1299 782 prebendarii
1323 736 1482 773 eiusdem
1501 738 1547 774 ad
1566 739 1805 775 feodifirmam

228 802 417 838 dimittunt
434 802 461 838 J
463 803 578 838 acobo
597 802 737 838 Bercar
754 802 829 838 filio
849 808 885 839 et
902 803 1030 839 heredi
1049 803 1235 850 quondam
1252 803 1407 841 Roberti
1424 805 1563 842 Bercar
1581 807 1701 843 incole
1722 808 1806 843 villc

228 871 273 907 de
292 870 430 919 Leytht
457 871 554 907 inter
581 871 697 919 ipsum
725 877 762 907 et
780 871 973 908 Alisonam
1001 871 1280 908 Haliburntouu
1307 872 1487 920 legittime
1514 883 1709 922 procreato
1735 877 1807 912 duo

227 946 439 976 tenementa
466 946 564 976 terre
593 940 766 988 contigue
793 940 961 977 iacencia
987 946 1181 988 ortumque
1201 947 1237 976 et
1255 947 1400 989 portam
1426 944 1648 980 anteriorem
1668 957 1735 993 pro
1754 946 1808 981 in-

227 1009 341 1046 troitu
371 1009 418 1045 ad
448 1008 616 1057 premissa
645 1009 684 1044 in
713 1009 802 1044 villa
831 1009 876 1045 de
905 1009 1044 1058 Leytht
1075 1022 1120 1044 ex
1146 1015 1252 1056 parte
1281 1009 1431 1046 australi
1460 1024 1554 1059 aque
1583 1013 1741 1049 eiusdem
1770 1014 1806 1049 in

227 1077 381 1113 baronia
399 1077 444 1113 de
464 1076 650 1125 Restalrig
675 1076 775 1113 infra
793 1077 1087 1114 vicecomitatum
1108 1077 1154 1113 de
1173 1077 1393 1127 Edinburgh
1420 1078 1518 1115 inter
1538 1086 1674 1117 terram
1694 1095 1807 1129 quon-

227 1147 309 1182 dam
335 1146 490 1183 Patrieii
515 1145 631 1183 Clerk
653 1145 741 1194 [etc.
770 1151 810 1182 ut
843 1147 951 1194 supra
979 1146 1053 1182 No.
1073 1145 1112 1194 9]
1135 1146 1230 1182 dieto
1250 1146 1414 1184 Roberto
1442 1156 1478 1185 et
1504 1150 1632 1197 sponse
1656 1150 1694 1186 in
1723 1164 1807 1187 con-

225 1216 350 1251 iunfita
363 1215 623 1251 infeodacione
641 1215 874 1262 pertinencia
889 1221 925 1251 et
938 1227 1005 1263 per
1018 1215 1132 1263 ipsam
1146 1214 1337 1251 Alisonam
1352 1216 1390 1252 in
1406 1217 1586 1255 viduitate
1600 1218 1785 1267 resignata
1799 1249 1805 1254 .

226 1283 432 1320 Reddendo
459 1283 546 1319 inde
578 1283 768 1319 annuatim
798 1283 1044 1331 quadraginta
1069 1284 1200 1320 solidos
1236 1292 1382 1321 monete
1417 1286 1547 1323 Scocie
1580 1301 1663 1324 cum
1691 1290 1806 1325 tribus

227 1351 330 1388 sectis
356 1351 402 1387 ad
429 1351 502 1387 tria
528 1351 666 1399 placita
693 1351 868 1398 capitalia
893 1352 992 1399 apud
1018 1352 1153 1388 dietum
1182 1353 1376 1402 collegium
1401 1356 1561 1391 tenenda
1578 1376 1586 1384 ·
1605 1356 1806 1393 Reseruato

228 1419 559 1455 liberotonemento
589 1419 742 1454 Alisone
774 1418 1050 1455 Haliburntoun
1079 1433 1146 1468 pro
1177 1421 1254 1457 vita
1276 1443 1283 1450 ·
1304 1421 1475 1459 Testibus
1506 1423 1648 1460 Jacobo
1681 1425 1805 1461 Rowle

227 1488 371 1524 Jacobo
401 1488 614 1534 Abirnethy
646 1487 810 1523 Roberto
845 1487 968 1536 Greyf
998 1489 1152 1525 Andrea
1187 1489 1374 1539 Ahannay
1410 1492 1558 1527 domino
1589 1493 1805 1529 Alexandro

231 1557 405 1605 Herpper
435 1557 627 1604 capellano
657 1555 833 1604 magistro
860 1556 1046 1592 Willelmo
1078 1556 1264 1593 Meldrum
1297 1565 1332 1595 et
1364 1559 1580 1596 Alexandro
1612 1561 1804 1610 Makneyll

228 1625 382 1662 notariis
401 1625 557 1673 publicis
577 1637 659 1661 cum
678 1624 802 1660 multis
821 1624 901 1659 aliis
919 1645 927 1651 ·
945 1627 993 1660 20
1012 1625 1037 1661 J
1040 1625 1116 1661 unii
1138 1626 1246 1662 1526.

228 1746 488 1800 Pancnpwm
506 1761 620 1798 safine
636 1760 795 1796 eiusdem
813 1760 840 1796 J
843 1761 948 1797 acobi
966 1761 1004 1797 in
1024 1762 1158 1798 eisdem
1177 1763 1395 1799 tenementis
1415 1785 1422 1792 ·
1443 1767 1491 1801 20
1508 1764 1535 1801 J
1538 1766 1613 1801 unii
1635 1768 1741 1803 1526.

229 1910 449 1957 Preceptum
469 1909 740 1946 communitatis
759 1910 864 1958 burgi
887 1909 932 1945 de
952 1909 1183 1957 Edinburgh.

229 2018 404 2072 DECIMo
431 2032 548 2069 tercio
571 2031 597 2068 J
601 2032 664 2068 ulii
690 2044 788 2068 anno
814 2030 967 2067 Domini
994 2031 1182 2068 millefimo
1204 2038 1237 2068 v⁰
1255 2035 1363 2070 xxviw
1381 2054 1388 2061 ·
1407 2034 1489 2071 The
1516 2037 1645 2084 quhilk
1672 2039 1743 2086 day
1762 2039 1799 2074 in

228 2103 376 2150 presens
398 2101 440 2137 of
461 2100 616 2149 prowest
643 2100 771 2136 ballies
799 2100 872 2136 and
898 2100 1060 2136 counsall
1086 2100 1229 2136 settand
1255 2101 1293 2137 in
1321 2102 1486 2150 iugment
1512 2105 1658 2141 maister
1675 2105 1798 2143 Johne

228 2169 417 2218 Dingwall
443 2168 599 2217 prowest
623 2168 662 2204 of
689 2168 750 2204 the
779 2168 926 2204 Trinite
956 2168 1108 2216 College
1138 2168 1236 2205 befid
1264 2169 1499 2219 Edinburght
1530 2174 1701 2220 producit
1729 2188 1797 2211 ane

228 2238 402 2275 chartour
420 2238 492 2273 and
519 2237 740 2273 instrument
758 2236 799 2271 of
823 2236 936 2284 sefing
955 2237 1079 2272 wnder
1105 2236 1166 2273 the
1194 2250 1385 2275 commoun
1412 2239 1490 2275 seill
1507 2241 1548 2276 of
1564 2241 1798 2292 Edinburght

229 2307 346 2355 quhar
364 2305 426 2342 the
444 2305 600 2354 prowest
617 2304 745 2340 ballies
765 2304 926 2340 counsall
953 2305 1025 2340 and
1053 2306 1274 2342 communite
1293 2320 1367 2343 war
1385 2308 1486 2344 bund
1504 2315 1541 2345 to
1559 2322 1632 2360 pay
1649 2311 1795 2360 yheirly

229 2381 266 2410 to
284 2374 347 2411 the
365 2374 442 2410 said
459 2372 616 2422 prowest
633 2373 870 2420 prebendaris
889 2373 961 2408 and
980 2373 1136 2409 bedmen
1156 2374 1196 2410 of
1219 2375 1281 2411 the
1300 2376 1376 2412 said
1396 2377 1542 2415 Trinite
1563 2379 1714 2430 College
1733 2382 1794 2418 the

230 2443 330 2479 soum
349 2442 389 2478 of
410 2447 495 2478 tene
521 2441 654 2489 pundis
673 2440 713 2476 of
735 2440 797 2476 the
815 2440 891 2476 first
918 2441 990 2476 and
1017 2441 1159 2478 redeast
1187 2455 1380 2480 commoun
1398 2447 1505 2494 gudis
1524 2448 1564 2483 of
1579 2449 1640 2485 the
1658 2456 1768 2487 tovne
1785 2475 1791 2481 -
