2147 2964
505 305 715 343 SANCTE
744 302 1062 341 TRINITATIS
1089 302 1160 339 DE
1187 301 1522 338 EDINBURGH.
1733 300 1799 339 177

232 405 418 440 ueucionis
448 404 578 441 Sancte
608 404 738 441 Crucis
766 405 810 440 dc
839 403 1002 439 terminis
1031 403 1075 438 ad
1104 401 1253 437 uincula
1281 401 1402 437 saneti
1431 400 1529 436 Petri
1559 406 1594 435 ct
1623 399 1795 435 Omnium

233 472 447 508 Saneorum
468 473 552 508 dieti
581 474 666 508 anni
687 486 707 508 v
720 473 756 508 li.
811 473 858 508 Et
877 473 1008 507 eisdem
1028 483 1092 518 per
1112 470 1332 505 solucionem
1352 470 1480 504 fastam
1502 469 1689 504 willelmo
1708 467 1798 503 Dal-

230 540 321 587 gleis
340 541 465 576 latinio
484 554 551 588 pro
568 542 674 576 feodo
695 542 755 576 suo
772 542 817 576 de
837 553 934 576 anno
954 539 1111 586 compoti
1133 552 1152 572 v
1165 538 1203 572 li.
1240 538 1287 573 Et
1303 538 1450 572 domino
1467 537 1650 572 Nicholao
1668 536 1797 583 Camp-

231 608 302 643 bell
331 609 520 656 capellano
548 622 593 643 cx
622 608 918 644 consideracione
946 607 1153 643 auditorum
1182 618 1202 639 v
1213 605 1252 640 li.
1299 604 1346 640 Et
1366 604 1514 639 domino
1535 604 1676 639 Thomc
1696 604 1797 639 'Wat-

232 676 314 711 l'onc
329 688 395 723 pro
411 676 518 711 feodo
533 676 594 711 suo
613 676 831 723 percipienti
851 675 1037 710 annuatim
1056 673 1215 721 quinque
1235 685 1374 708 marcas
1393 673 1438 707 de
1458 672 1621 707 terminis
1640 673 1797 718 compoti

231 744 265 778 iii
280 744 316 778 li.
336 744 410 778 vis.
431 744 494 778 viii
508 744 542 778 d.
592 743 640 779 Et
659 744 924 790 tegulatoribus
943 755 1009 789 pro
1029 754 1153 776 eorum
1174 740 1337 775 scruiciis
1356 740 1393 774 in
1414 740 1510 774 dieta
1529 739 1680 774 ecclesia
1699 746 1797 786 tegu-

231 812 387 847 lantibus
406 824 472 858 per
491 812 586 847 idem
611 818 753 859 tempus
781 811 817 846 xl
830 824 857 846 s.
912 811 959 846 Et
979 810 1127 845 domino
1146 808 1289 843 Thome
1311 808 1411 844 Guld
1429 821 1496 855 pro
1517 820 1587 842 vno
1607 807 1699 842 libro
1720 808 1798 842 mis-

230 880 346 915 sarum
367 880 461 915 dicto
476 880 796 927 precettstmgbulc
819 879 958 914 xxxiis.
1013 878 1061 914 Et
1081 890 1146 925 pro
1172 878 1312 912 factura
1329 877 1484 924 portelle
1509 877 1646 912 domini
1666 877 1795 913 Jacobi

231 948 404 983 Chalmer
431 960 493 983 xs.
548 947 596 983 Et
622 947 786 982 Johanni
815 947 1023 982 Thomsone
1051 959 1117 994 pro
1145 947 1206 981 suo
1235 946 1384 981 seruicio
1405 951 1440 982 et
1467 946 1692 993 purgacione
1712 946 1798 980 diffi

229 1015 372 1063 collegii
400 1015 479 1050 xiiii
493 1028 517 1050 s.
572 1015 620 1050 Et
648 1015 778 1050 eisdem
807 1027 874 1062 pro
902 1013 1064 1062 expensis
1091 1014 1194 1049 fabiis
1221 1014 1320 1050 circa
1340 1014 1612 1049 edificacionem
1634 1014 1798 1050 occiden-

229 1083 309 1119 talis
327 1084 443 1131 partis
461 1084 656 1131 superioris
675 1084 768 1119 (ἰὶὅὶε
796 1082 946 1119 ccclefie
974 1083 1010 1117 iu
1040 1083 1205 1118 omnibus
1233 1083 1396 1130 expensis
1416 1088 1450 1118 et
1471 1081 1620 1117 diuersis
1640 1082 1719 1117 aliis
1738 1095 1799 1117 no-

228 1152 385 1188 cefl'ariis
405 1152 574 1188 videlicet
593 1153 843 1200 asportacione
862 1152 1025 1199 lapidum
1045 1157 1081 1187 et
1099 1164 1166 1199 pro
1186 1151 1286 1187 calce
1306 1156 1341 1186 ct
1360 1163 1427 1198 pro
1447 1151 1478 1186 le
1492 1151 1662 1200 Effilaml
1678 1151 1799 1185 bardis

226 1221 271 1255 ad
292 1221 381 1255 ostia
401 1221 616 1256 fabricanda
643 1226 678 1256 et
704 1233 772 1268 pro
799 1221 938 1255 factura
965 1220 1164 1255 eorundem
1192 1219 1294 1254 xiili.
1322 1219 1427 1254 xiiis.
1452 1219 1504 1254 iiii
1518 1219 1553 1254 d.
1607 1218 1654 1254 Et
1674 1218 1797 1254 Dauid

228 1288 324 1324 Cant
343 1301 409 1336 pro
431 1289 500 1324 suis
528 1289 714 1324 laboribus
742 1290 779 1323 in
807 1288 903 1323 dicto
931 1288 1086 1335 collegio
1112 1301 1177 1336 per
1196 1294 1336 1336 tempus
1365 1288 1521 1335 compoti
1542 1288 1666 1323 xxvis.
1691 1288 1749 1322 viii
1765 1289 1798 1323 d.

227 1356 273 1391 Et
292 1369 358 1403 pro
378 1356 542 1392 clauibus
571 1357 670 1392 circa
697 1356 972 1392 edificacionem
993 1362 1028 1391 et
1046 1356 1322 1403 reparacionem
1342 1355 1428 1390 dieii
1453 1356 1596 1403 collegii
1617 1369 1682 1404 per
1701 1357 1795 1392 idem

226 1431 367 1472 tempus
387 1425 524 1460 xxxviii
539 1438 566 1460 s.
622 1425 670 1460 Et
688 1424 878 1460 vitratorio
897 1437 964 1471 pro
984 1424 1136 1459 seruicio
1162 1424 1222 1459 suo
1241 1424 1276 1459 in
1298 1424 1393 1459 dicta
1411 1424 1562 1459 ecclesia
1579 1437 1643 1472 per
1662 1426 1796 1461 dic-tum

228 1500 370 1540 rempus
390 1493 492 1528 xxxii
504 1506 530 1528 s.
568 1494 613 1528 Et
632 1505 697 1541 pro
718 1493 853 1540 septem
874 1492 902 1528 le
915 1493 1085 1539 Efflaml
1101 1493 1219 1527 bardis
1235 1492 1425 1527 duodecim
1445 1492 1624 1540 lesprtrris
1642 1500 1797 1541 quatuor

229 1563 261 1595 le
277 1561 397 1596 double
415 1561 616 1596 rauchteris
632 1562 691 1596 sex
712 1561 743 1596 le
762 1560 881 1608 single
899 1560 1099 1595 raucltteris
1117 1566 1152 1595 et
1172 1560 1335 1608 lesco-mle
1354 1561 1441 1595 hurd
1458 1560 1619 1607 precium
1640 1563 1797 1597 omnium

229 1630 267 1664 iii
282 1630 320 1664 li.
341 1629 460 1664 xiiiis.
481 1629 532 1663 iiii
546 1630 580 1664 d.
638 1629 684 1664 Et
701 1628 832 1664 eisdem
852 1628 889 1662 in
911 1628 991 1663 aliis
1012 1628 1162 1663 minutis
1182 1641 1248 1676 per
1267 1635 1409 1676 tempus
1428 1629 1583 1677 compoti
1604 1643 1676 1665 xxx
1688 1643 1714 1665 s.
1752 1631 1798 1666 Et

230 1698 361 1733 eisdem
381 1698 418 1733 in
439 1698 518 1733 aliis
537 1697 685 1732 minutis
705 1698 868 1744 expensis
889 1697 988 1732 fac-tis
1007 1709 1073 1744 per
1092 1702 1340 1744 compotantes
1359 1704 1467 1744 prout
1485 1703 1584 1745 patet
1602 1711 1666 1745 per
1686 1712 1798 1746 quan-

230 1768 313 1802 dam
333 1766 499 1802 cedulam
523 1766 798 1813 particulariter
818 1766 1059 1801 examinatam
1082 1766 1186 1813 super
1206 1772 1411 1812 compotum
1433 1766 1535 1801 xxiiii
1549 1779 1576 1801 s.
1628 1766 1676 1802 Et
1695 1767 1795 1803 soluti

231 1835 379 1870 domino
400 1835 543 1870 Thome
564 1835 738 1870 Watsone
762 1835 821 1870 vni
851 1834 1141 1882 compotancium
1171 1834 1207 1869 in
1236 1840 1376 1881 partem
1406 1834 1598 1870 solucionis
1625 1837 1685 1872 sue
1712 1850 1797 1884 pen-

232 1905 338 1939 lionis
363 1909 399 1939 et
423 1905 468 1939 de
496 1916 564 1938 vno
590 1904 746 1939 termino
775 1904 944 1939 videlicet
974 1903 1096 1940 Sancti
1121 1904 1275 1939 Martini
1302 1905 1338 1939 in
1366 1917 1462 1940 anno
1488 1905 1640 1940 Domini
1669 1913 1738 1942 etc.
1765 1912 1799 1941 v‘

232 1973 373 2008 decimo
402 1973 516 2008 tercio
545 1985 588 2008 ex
617 1985 659 2007 eo
688 1973 785 2019 quod
816 1973 853 2007 in
883 1978 1051 2020 compoto
1079 1972 1238 2020 magistri
1266 1972 1397 2008 Jacobi
1427 1972 1652 2009 Creichtoun
1680 1975 1799 2012 fuerat

235 2041 296 2075 libi
316 2040 474 2076 allocata
501 2046 537 2076 et
564 2041 725 2075 nondum
754 2040 868 2076 soluta
894 2046 1003 2088 prout
1031 2040 1171 2076 constat
1196 2053 1262 2088 per
1288 2048 1494 2089 compotum
1523 2043 1609 2078 dieti
1636 2045 1797 2092 magistri

233 2108 363 2144 Jacobi
384 2114 419 2144 et
439 2109 521 2144 ideo
542 2109 727 2144 vocandus
754 2110 806 2144 est
831 2109 946 2144 dictus
974 2108 1144 2156 magister
1162 2109 1323 2145 Jacobus
1350 2123 1416 2157 per
1435 2110 1644 2147 collectores
1672 2114 1717 2148 ad
1744 2127 1798 2149 re-

236 2177 484 2225 spondendum
512 2178 619 2224 super
647 2177 829 2212 solucione
857 2177 1016 2212 eiusdem
1044 2177 1159 2212 xxxiii
1173 2191 1200 2213 s.
1219 2177 1270 2213 iiii
1283 2178 1316 2212 d.
1369 2177 1417 2213 Et
1436 2179 1540 2214 diffis
1559 2182 1799 2228 compotanti—

235 2244 301 2279 bus
320 2257 387 2291 pro
406 2257 532 2280 corum
560 2245 744 2280 laboribus
771 2251 807 2280 et
834 2243 997 2292 expensis
1026 2245 1124 2279 circa
1146 2245 1399 2280 induccionem
1420 2246 1604 2282 firmarum
1625 2261 1667 2284 ex
1689 2250 1800 2285 consi-

234 2312 429 2348 deracione
457 2313 662 2348 auditorum
691 2312 727 2348 xl
741 2325 765 2347 s.
819 2312 867 2347 Et
891 2311 1023 2347 eisdem
1051 2325 1117 2359 per
1144 2312 1364 2348 solucionem
1393 2313 1523 2350 faecam
1543 2315 1636 2351 diae
1654 2317 1800 2353 sacriste

235 2381 270 2415 in
291 2381 560 2428 quinquaginta
579 2381 699 2416 solidis
727 2381 771 2416 de
794 2380 950 2416 termino
970 2379 1248 2416 Purificacionis
1268 2380 1380 2417 Beate
1401 2382 1520 2418 Marie
1538 2384 1704 2430 proximo
1722 2387 1798 2433 post

994 2461 1012 2483 z
