2147 2964
72 671 144 707 215)

505 303 716 341 SANCTE
745 304 1060 342 TRINITATIS
1089 306 1158 342 DE
1186 307 1518 347 EDINBURGII.
1695 316 1767 349 243

210 465 321 502 Carta
339 467 365 503 J
368 468 472 503 acobi
491 468 603 517 Regis
621 468 747 516 Burgo
771 470 816 505 de
835 470 1054 518 Edinburgh
1074 472 1118 507 de
1141 472 1300 510 Ecclesia
1319 481 1447 512 vocata
1466 476 1628 514 Ecclesia
1648 478 1766 515 Colle-

206 534 307 581 giata
327 535 522 572 Trinitatis
542 544 611 572 ete.

207 653 245 706 J
249 682 391 706 Aeones
417 671 490 706 Dei
516 673 642 718 gracia
660 685 723 708 rex
746 672 937 709 Scotorum
964 674 1130 709 omnibus
1156 675 1279 722 probis
1305 676 1511 714 hominibus
1535 680 1649 715 tocius
1671 687 1767 717 terre

208 737 268 772 sue
287 737 430 773 clericis
450 744 486 773 et
504 739 607 774 laicis
627 740 775 775 salutem
795 759 802 767 ·
823 739 954 776 Sciatis
981 741 1079 787 quod
1098 754 1163 776 nos
1186 748 1221 777 et
1240 742 1465 780 charissimus
1483 746 1604 782 noster
1623 749 1770 784 consan-

207 804 363 851 guineus
399 805 562 841 Jacobus
599 819 720 842 comes
751 807 921 843 Morauie
958 808 1125 844 dominus
1163 810 1374 859 Abirnethy
1413 819 1479 848 etc.
1516 814 1628 850 nostri
1666 817 1770 863 regni

208 871 355 919 Regens
374 873 496 908 animo
516 874 673 910 feruenti
701 880 737 910 et
764 875 843 910 zelo
867 875 961 910 duffl
988 876 1035 911 ad
1061 876 1346 924 supportandum
1367 884 1402 914 et
1421 880 1668 918 adiuuandum
1686 896 1770 931 pau-

207 946 385 987 pertatem
405 942 594 988 penuriam
615 948 650 977 et
670 942 830 991 inopiam
853 943 1051 978 multarum
1078 950 1114 980 et
1134 944 1356 981 diuersarum
1384 947 1615 985 honestarum
1635 952 1770 988 senium

207 1013 243 1044 et
269 1008 524 1056 impotentium
552 1011 788 1057 personarum
816 1024 837 1046 a
863 1011 994 1058 quibus
1022 1012 1060 1046 in
1088 1025 1210 1048 earum
1238 1013 1418 1051 seneaute
1445 1029 1510 1063 per
1538 1025 1707 1055 euentum
1736 1027 1771 1056 et

206 1077 394 1113 aduersam
422 1078 608 1114 fortunam
634 1092 693 1115 res
725 1085 762 1115 et
787 1080 884 1115 bona
915 1080 1132 1116 deciderunt
1163 1094 1209 1116 ne
1240 1089 1388 1130 propter
1416 1090 1613 1122 extremam
1641 1088 1770 1124 famem

205 1145 396 1193 penuriam
423 1152 459 1182 et
486 1146 726 1194 indigentiam
752 1148 812 1182 sue
840 1147 1036 1183 necessarie
1064 1149 1332 1186 sustentationis
1365 1152 1512 1188 omnino
1543 1155 1706 1201 perirent
1737 1163 1772 1193 et

206 1220 438 1249 morerentur
458 1234 465 1242 ·
484 1227 551 1250 nos
576 1221 771 1263 propterea
789 1215 925 1263 pietate
949 1221 985 1251 et
1012 1216 1108 1251 bona
1127 1212 1349 1254 conscientia
1367 1221 1455 1256 moti
1475 1222 1520 1256 ad
1539 1223 1771 1269 prestandum

206 1281 258 1317 eis
287 1282 459 1317 iuuamen
487 1288 523 1319 et
551 1283 724 1319 auxilium
752 1290 861 1331 prout
888 1296 1014 1319 eorum
1041 1284 1245 1332 indigentia
1271 1292 1307 1322 et
1337 1288 1524 1325 necessitas
1551 1292 1704 1338 requirit
1730 1306 1772 1329 ae

207 1349 313 1386 etiam
347 1350 595 1398 intelligentes
627 1352 725 1398 quod
755 1351 823 1387 hec
854 1352 1018 1399 predifflza
1048 1351 1085 1386 in
1119 1353 1286 1388 omnibus
1314 1357 1503 1392 commoda
1529 1358 1711 1408 principia
1737 1369 1773 1398 et

207 1418 312 1455 initia
337 1431 466 1466 capere
494 1432 568 1454 non
593 1425 767 1466 poterunt
786 1432 854 1455 nee
874 1419 1063 1455 commode
1090 1420 1308 1467 performari
1327 1428 1363 1457 et
1382 1424 1427 1458 ad
1445 1425 1551 1460 finem
1572 1428 1771 1474 perfefiimm

207 1487 404 1534 peruenire
429 1487 574 1523 valeant
601 1487 732 1535 absque
759 1488 891 1523 nostris
922 1487 1173 1535 supplemento
1203 1489 1339 1524 auxilio
1367 1497 1402 1526 et
1433 1494 1648 1530 auetoritate
1680 1517 1686 1524 ·
1720 1497 1772 1532 in-

209 1555 488 1603 telligentesque
518 1555 615 1602 quod
642 1555 811 1590 dominus
840 1554 977 1603 Symon
1003 1555 1181 1591 Prestoun
1210 1557 1254 1592 de
1287 1559 1413 1594 eodem
1441 1560 1545 1596 miles
1572 1563 1691 1598 animo
1721 1564 1772 1599 est

209 1624 411 1659 deliberato
426 1623 530 1658 firmo
547 1629 583 1658 et
602 1624 781 1659 constanti
800 1623 983 1671 proposito
1002 1624 1048 1658 ad
1065 1624 1307 1660 edificandum
1328 1627 1608 1664 construendum
1629 1643 1670 1666 ac
1690 1645 1771 1667 eum

209 1692 306 1727 omni
327 1704 415 1727 eura
434 1698 470 1727 et
488 1691 679 1739 diligentia
697 1692 895 1727 dotandum
924 1705 1034 1727 vnum
1062 1692 1236 1740 hospitale
1264 1706 1345 1729 eum
1373 1696 1582 1732 rationabili
1602 1699 1771 1735 sustenta-

209 1761 308 1796 tione
327 1761 461 1797 talibus
478 1761 648 1808 pmdiffis
671 1761 829 1796 honestis
856 1760 1101 1807 indigentibus
1121 1767 1156 1795 et
1176 1760 1435 1808 impotentibus
1453 1764 1613 1811 personis
1631 1767 1772 1803 senibus

210 1834 245 1865 et
264 1835 360 1865 etate
380 1829 561 1876 pmueffis
580 1829 716 1877 egrotis
744 1828 875 1864 ineolis
894 1835 930 1864 et
948 1828 1234 1865 inhabitantibus
1261 1830 1356 1866 infra
1375 1832 1534 1868 nostrum
1554 1834 1707 1882 burgum
1728 1837 1772 1872 de

209 1896 425 1933 Edinbureh
450 1910 492 1932 ae
520 1897 629 1933 etiam
657 1897 737 1932 aliis
768 1896 910 1932 senibus
938 1896 1186 1942 indigentibus
1214 1903 1249 1932 et
1276 1898 1535 1945 impotentibus
1562 1902 1624 1948 qui
1652 1902 1773 1939 idonei

210 1965 346 2001 fuerint
364 1965 505 2000 inuenti
525 1965 571 2000 ad
590 1965 854 2012 acceptandum
875 1964 962 2000 talia
980 1965 1157 2000 beneficia
1176 1972 1212 2001 et
1229 1966 1471 2013 gratitudines
1491 1968 1528 2003 in
1548 1969 1642 2005 dieto
1657 1970 1772 2019 hospi-

213 2033 275 2070 tali
294 2033 483 2068 fundanda
502 2053 510 2060 ·
528 2045 595 2068 nos
618 2038 814 2080 propterea
842 2038 877 2068 et
904 2033 1050 2079 Regens
1074 2033 1195 2068 noster
1219 2034 1402 2081 p1·edi6tus
1429 2035 1675 2084 intelligentes
1694 2052 1775 2086 pre-

213 2102 348 2137 dietum
378 2100 601 2148 propositum
629 2107 665 2137 et
692 2113 782 2148 opus
809 2101 976 2136 omnibus
1004 2102 1119 2137 modis
1147 2115 1218 2137 non
1247 2103 1359 2138 solum
1386 2104 1519 2140 bonum
1547 2112 1582 2141 et
1609 2107 1774 2144 diuinum

215 2170 291 2206 fore
311 2170 371 2205 sed
391 2169 499 2204 etiam
520 2168 684 2204 volentes
711 2168 871 2216 prestare
899 2169 1121 2205 occasionem
1149 2170 1229 2205 aliis
1256 2171 1387 2206 nostris
1410 2172 1560 2209 subditis
1579 2180 1614 2210 et
1633 2176 1679 2211 ad
1697 2176 1775 2212 alli-

216 2238 364 2274 ciendos
392 2237 531 2272 animos
557 2237 786 2283 quorundam
813 2237 964 2272 aliorum
992 2237 1198 2273 nostrorum
1225 2238 1402 2286 ligeorum
1431 2246 1466 2275 et
1488 2240 1709 2279 subditorum
1729 2246 1775 2281 ad

217 2306 328 2341 simile
365 2304 586 2353 propositum
624 2311 659 2340 et
685 2317 774 2351 opus
811 2305 919 2340 talem
950 2305 1110 2340 diuinam
1142 2306 1368 2341 vocationem
1397 2310 1660 2355 acceptandum
1692 2325 1772 2348 cum

216 2375 438 2411 anisamento
458 2379 493 2409 et
521 2372 692 2409 consensu
711 2372 953 2408 Dominorum
981 2373 1094 2408 nostri
1116 2372 1255 2409 Seereti
1277 2373 1426 2410 Consilii
1446 2377 1641 2423 expediens
1661 2385 1696 2415 et
1714 2393 1774 2416 ne-

214 2441 399 2479 cessarium
419 2442 496 2477 fore
519 2440 685 2476 duximus
712 2440 758 2476 ad
784 2440 1066 2488 gratificandum
1092 2441 1228 2477 di&um
1255 2442 1440 2478 dominum
1470 2443 1665 2492 Symonem
1690 2458 1775 2496 'pre-
