2147 2964
498 279 707 318 SANCTE
735 279 1054 317 TRINITATIS
1079 280 1151 317 DE
1178 280 1514 318 EDINBURGH.
1748 284 1790 319 71

224 377 283 413 die
320 378 449 414 mensis
479 379 621 427 Aprilis
656 392 753 415 anno
788 379 939 415 Domini
974 379 1163 415 millesimo
1195 379 1546 428 quadringentisimo
1575 380 1792 428 sexagesimo

223 446 381 483 secundo
400 453 436 483 et
454 448 744 484 consecracionis
762 448 884 484 nostre
905 447 1076 496 vigesimo
1095 449 1236 496 quinto.

321 513 435 565 [Note
453 516 496 563 by
519 516 580 551 Sir
599 516 724 552 Lewz's
741 516 986 552 stewart.-“
1005 516 1024 552 I
1039 517 1207 552 extraeeit
1226 516 1298 553 this
1316 516 1531 552 fundatione
1550 516 1650 552 furth
1669 518 1709 552 of
1723 530 1791 553 ane

321 583 487 631 registrie
500 584 610 632 given
625 597 683 620 me
701 584 740 619 in
754 584 814 620 len
826 585 871 620 be
884 584 957 620 Mr.
971 584 1184 620 Alexander
1201 584 1360 621 Guthrie
1375 591 1494 621 towne
1511 585 1612 620 clerk
1628 585 1667 621 of
1679 585 1790 621 Edin-

317 651 436 699 burgh
462 652 536 687 and
563 652 624 688 the
651 652 747 688 same
775 652 803 687 is
830 652 1046 701 subscryved
1074 653 1119 688 be
1139 651 1301 689 Thomas
1318 652 1437 689 Cottis
1455 659 1579 689 nottar
1597 653 1733 700 publi&
1753 667 1791 689 as

318 730 388 754 ane
402 718 476 766 just
494 721 632 756 extra&
651 720 692 755 of
706 720 767 756 the
784 720 957 768 originall
975 720 1214 756 fundatioune
1233 720 1269 756 vi
1285 720 1497 757 November
1515 721 1549 756 im
1569 722 1636 757 iiii⁰
1650 721 1791 757 lxxxiiii

318 786 424 822 befor
442 786 593 824 Donald
612 788 703 824 Ross
725 789 819 824 dean
847 789 888 824 of
912 788 1088 825 Caithnes
1117 789 1287 827 Clement
1315 790 1391 827 Cor
1408 791 1621 826 Alexander
1640 790 1791 838 Elphin-

319 854 423 891 stoun
442 857 516 892 and
533 856 679 904 George
698 856 1020 893 Newtoun—The
1038 863 1180 894 nottars
1194 858 1456 906 subscriptione
1474 858 1540 895 hes
1558 871 1606 895 na
1624 858 1779 909 signe.'’]

223 1002 442 1050 [Decretum
462 1004 624 1041 officialis
645 1004 908 1042 Sanctiandree
931 1006 977 1042 de
996 1006 1246 1042 controuersia
1263 1007 1361 1044 inter
1380 1007 1567 1043 dominum
1587 1008 1632 1044 de
1652 1007 1791 1043 Wemis

220 1079 256 1109 et
273 1073 450 1109 vicariurn
470 1074 619 1110 ecclesie
639 1074 824 1123 eiusdem]

218 1181 454 1235 Vmumzffls
474 1204 510 1235 et
528 1198 830 1247 fingulissanete
857 1199 984 1235 matris
1011 1199 1160 1236 ecclesie
1187 1200 1271 1236 filiis
1298 1201 1345 1236 ad
1363 1213 1517 1248 quorum
1537 1202 1692 1238 noticias
1711 1216 1790 1250 pre-

219 1267 335 1303 sentes
361 1267 468 1304 litere
494 1267 732 1316 peruenerint
749 1268 775 1304 J
778 1268 941 1304 ohannes
959 1268 1040 1304 Lok
1069 1269 1169 1304 sacre
1197 1268 1381 1317 theologie
1399 1268 1572 1317 professor
1592 1272 1790 1307 canonicus

218 1334 474 1371 Brechinenfis
501 1349 544 1372 ac
571 1336 735 1372 officialis
764 1335 1026 1372 Sanfitiandree
1052 1337 1266 1385 principalis
1294 1338 1444 1374 salutem
1472 1339 1509 1374 in
1529 1339 1691 1375 omnium
1714 1339 1789 1376 Sal-

217 1410 345 1440 uatore
364 1424 371 1431 ·
391 1404 580 1441 Noueritis
599 1405 696 1452 quod
715 1417 781 1440 nos
806 1405 843 1440 in
863 1404 1075 1452 quibusdam
1095 1405 1209 1441 causis
1228 1406 1495 1443 debatabilibus
1514 1408 1610 1444 inter
1628 1409 1788 1445 nobilem

218 1473 336 1509 virum
356 1473 381 1509 J
385 1473 565 1509 ohannem
586 1473 726 1509 WVemis
754 1473 799 1509 de
826 1473 953 1509 codem
980 1473 1132 1509 militem
1159 1474 1205 1510 ab
1233 1487 1305 1510 vna
1332 1481 1368 1511 et
1395 1476 1640 1512 venerabilem
1670 1477 1787 1513 virum

216 1541 428 1590 magistrum
447 1540 668 1578 Michaelem
688 1541 946 1590 Lewingstoun
971 1541 1122 1577 ecclesie
1151 1542 1372 1590 parochialis
1400 1543 1445 1579 de
1475 1543 1616 1580 Wemis
1647 1544 1786 1581 Sanni-

217 1611 354 1646 andree
369 1609 520 1646 diocesis
535 1610 711 1646 vicarium
727 1610 880 1658 desuper
895 1611 1082 1646 nonnullis
1098 1611 1246 1647 decimis
1265 1617 1301 1647 et
1318 1611 1397 1647 aliis
1412 1612 1520 1648 rebus
1532 1612 1629 1648 inter
1644 1614 1786 1649 eosdem

217 1678 482 1714 debatabilibus
509 1678 675 1726 partibus
702 1679 747 1714 ab
774 1678 891 1714 altera
918 1691 1040 1715 coram
1066 1680 1170 1715 nobis
1196 1680 1440 1727 pendentibus
1468 1681 1635 1717 indecisis
1662 1683 1732 1718 rite
1751 1691 1787 1718 et

217 1747 380 1796 legitime
399 1747 444 1783 de
464 1747 647 1795 Vtriusque
673 1747 787 1796 partis
815 1747 989 1784 consensu
1008 1754 1044 1784 et
1065 1747 1203 1784 assensu
1231 1748 1332 1784 iuxta
1350 1755 1386 1785 et
1405 1749 1602 1785 secundum
1622 1756 1784 1787 tenorem

218 1815 459 1864 compromissi
492 1815 644 1864 desuper
671 1815 755 1852 faeti
787 1816 1069 1863 procedentibus
1101 1817 1234 1853 auditis
1261 1817 1362 1865 prius
1393 1817 1479 1854 hinc
1507 1819 1592 1855 inde
1622 1820 1784 1865 parcium

217 1885 461 1932 peticionibus
488 1884 780 1932 responsionibus
807 1897 849 1920 ac
876 1885 1016 1921 iuribus
1043 1886 1290 1922 imunimentis
1316 1886 1402 1922 hinc
1429 1887 1515 1922 inde
1542 1888 1729 1935 produ<ffis
1750 1895 1784 1925 et

218 1966 283 2001 per
302 1966 367 1989 nos
389 1953 467 1990 vifis
486 1960 522 1990 et
540 1953 735 1989 intellectis
763 1959 799 1989 et
825 1954 872 1989 ad
897 1953 1043 2001 plenum
1063 1954 1221 1990 discussis
1240 1954 1333 1990 votis
1361 1967 1505 2002 quoque
1525 1957 1782 1993 nonnullorum

218 2022 425 2058 nostrorum
445 2021 645 2058 assessorum
662 2022 710 2057 ad
728 2021 798 2058 hoc
817 2021 1056 2058 communiter
1075 2022 1273 2058 electorum
1293 2022 1426 2059 habitis
1445 2024 1594 2059 seruatis
1618 2026 1783 2061 terminis

219 2091 350 2127 debitis
377 2097 414 2127 et
440 2091 621 2127 consuetis
646 2090 683 2125 in
703 2089 881 2137 premissis
907 2090 1086 2137 requisitis
1112 2090 1196 2138 ipsis
1219 2091 1383 2138 partibus
1410 2092 1500 2127 inibi
1529 2105 1652 2128 coram
1679 2095 1782 2129 nobis

218 2172 284 2206 pro
304 2159 478 2195 tribunali
497 2158 702 2194 sedentibus
728 2158 1024 2206 comparentibus
1043 2164 1079 2194 et
1097 2159 1300 2206 presentem
1329 2160 1548 2196 sentenciam
1569 2160 1640 2197 siue
1660 2163 1781 2198 decre-

218 2234 294 2263 tum
313 2228 400 2264 ferri
418 2227 595 2263 instanter
618 2227 825 2275 petentibus
855 2227 899 2262 ad
930 2227 1007 2262 eius
1034 2227 1283 2274 prolacionem
1309 2234 1418 2275 prout
1436 2229 1597 2277 sequitur
1615 2231 1782 2268 duximus

217 2296 490 2343 procedendum
518 2302 554 2331 et
581 2295 618 2331 in
645 2295 743 2330 hunc
770 2294 916 2330 modum
936 2316 943 2323 ·
966 2294 1099 2331 Cmsm
1127 2296 1274 2331 nominc
1302 2296 1471 2334 inuocato
1498 2311 1564 2334 nos
1591 2299 1781 2336 Johannes

219 2363 299 2399 Lok
326 2364 465 2400 arcium
491 2363 663 2411 magister
689 2363 789 2398 sacre
821 2362 1003 2410 theologie
1027 2363 1202 2410 professor
1229 2365 1428 2401 canonicus
1454 2366 1711 2405 Brechinensis
1738 2383 1780 2406 ac

219 2432 381 2468 officialis
411 2431 670 2468 Sanffiandree
697 2430 911 2479 principalis
942 2431 1123 2479 iudexque
1151 2434 1254 2468 cause
1286 2440 1322 2469 et
1351 2435 1513 2483 partibus
1540 2435 1780 2486 infrascriptis
