2147 2964
366 303 439 343 276
691 303 870 341 CARTE
898 303 1153 341 ECCLESIE
1182 304 1523 353 COLLEGIATE

365 403 402 438 in
423 402 650 450 corporalem
678 402 926 450 poffessionem
954 404 1154 440 decanatus
1181 404 1335 451 predicti
1364 404 1541 440 inducant
1559 425 1567 433 ·
1587 412 1623 440 et
1647 405 1795 452 insuper
1814 417 1939 439 eorum

364 471 514 507 cuilibet
533 472 755 508 comittimus
774 478 810 508 et
829 473 1045 508 mandamus
1065 478 1103 508 vt
1125 485 1146 508 a
1168 472 1331 519 personis
1357 472 1630 520 parochialibus
1649 473 1707 509 vel
1726 473 1806 508 aliis
1825 472 1942 509 eccle-

363 539 495 575 siarum
513 540 717 576 huiusmodi
737 539 1008 588 refignaciones
1029 541 1054 577 fi
1073 541 1154 576 illas
1182 541 1308 588 sponte
1336 547 1372 576 et
1398 541 1514 577 libere
1541 542 1580 577 in
1607 541 1754 577 illorum
1773 541 1942 577 manibus

362 607 484 643 facere
505 608 689 644 voluerint
707 609 891 656 recipiant
919 615 954 645 et
984 609 1155 645 ecelefias
1182 610 1364 656 predictas
1384 610 1580 646 dummodo
1598 611 1759 646 valorem
1780 622 1941 646 aunuum

362 682 510 711 centum
542 682 578 712 et
609 677 878 725 quinquaginta
907 677 1081 713 librarum
1114 677 1374 725 sterlingorum
1405 691 1478 714 non
1509 679 1689 714 excedant
1719 687 1755 714 et
1786 679 1832 714 de
1862 678 1941 713 iure

360 751 576 792 patronatus
608 746 702 782 diet-e
733 747 831 794 regis
863 746 1020 783 existant
1050 759 1131 782 cum
1164 747 1332 782 omnibus
1364 747 1504 782 iuribus
1536 753 1572 782 et
1602 747 1839 795 pertinenciis
1871 747 1940 781 suis

361 813 480 849 eidem
499 814 620 849 mense
647 819 825 861 perpetuo
845 814 974 850 vniant
993 836 1000 844 -
1020 827 1165 850 necnon
1194 815 1239 850 de
1268 815 1439 850 consensu
1460 822 1496 850 et
1516 815 1703 851 voluntate
1723 815 1808 850 dicti
1828 814 1940 861 Regis

361 883 399 918 in
418 883 547 919 eadem
566 885 687 918 erefita
714 882 867 919 ecclelia
893 890 1032 919 certum
1060 895 1254 918 numerum
1281 883 1543 918 canonicorum
1573 889 1609 918 et
1636 882 1792 918 aliorum
1810 894 1939 929 perpe-

360 958 507 987 tuorum
533 951 835 987 beneficiatorum
863 949 1177 1000 ceterorum[que]
1209 951 1533 987 ecclesiasticorum
1561 951 1810 986 ministrorum
1830 959 1939 998 prout

360 1019 455 1055 dicto
474 1019 554 1067 regi
572 1026 608 1055 et
626 1019 710 1067 ipsis
735 1019 837 1055 iuxta
863 1019 1092 1067 exigenciam
1112 1026 1148 1055 et
1174 1019 1385 1055 facultatem
1405 1020 1499 1055 dicte
1523 1019 1674 1055 ecclesie
1694 1019 1807 1054 visum
1826 1019 1938 1055 fuerit

359 1075 552 1123 instituant
578 1100 621 1123 ac
648 1087 905 1123 ordinaeiones
933 1093 969 1123 et
998 1088 1130 1124 statuta
1156 1088 1314 1124 salubria
1342 1089 1543 1124 canonibus
1570 1102 1645 1124 non
1666 1089 1852 1124 contraria
1870 1101 1937 1136 pro

359 1156 456 1191 felici
476 1155 570 1192 statu
593 1162 629 1192 et
657 1155 790 1191 salubri
819 1155 1027 1191 direccione
1055 1157 1150 1192 dicte
1178 1157 1329 1193 ecclefie
1356 1164 1392 1193 et
1419 1158 1516 1193 illius
1536 1157 1773 1205 personarum
1801 1157 1937 1193 faciant

359 1231 395 1261 et
412 1225 600 1273 publicent
618 1245 625 1252 ·
642 1224 818 1260 Preterea
837 1224 923 1271 quia
949 1224 1069 1260 forsan
1093 1225 1309 1273 contingere
1336 1226 1474 1273 poterit
1492 1226 1591 1273 quod
1609 1225 1778 1260 nonnulli
1797 1225 1937 1260 fructus

359 1299 395 1330 et
412 1298 612 1342 prouentus
631 1292 781 1328 ecclefie
800 1292 895 1328 diffite
923 1297 960 1328 et
987 1292 1059 1327 alia
1086 1293 1182 1329 bona
1209 1293 1360 1329 mobilia
1386 1299 1423 1329 et
1449 1293 1648 1328 immobilia
1674 1292 1876 1340 spiritualia
1901 1299 1937 1328 et

360 1361 576 1409 temporalia
590 1361 635 1396 ad
651 1361 869 1396 decanatum
885 1367 921 1396 et
936 1360 1136 1407 capitulum
1153 1362 1248 1397 dicte
1266 1361 1416 1397 ecclesie
1432 1361 1635 1410 spe&ancia
1652 1361 1815 1396 indebite
1830 1373 1935 1396 occu-

358 1431 498 1478 pabunt
514 1436 550 1466 et
570 1429 786 1465 detinebunt
810 1441 876 1464 nos
904 1429 1077 1465 aduersus
1096 1429 1301 1465 huiusmodi
1320 1435 1561 1477 occupatores
1580 1429 1790 1464 detentores
1809 1428 1936 1464 moles-

358 1505 494 1535 tatores
526 1505 562 1534 et
592 1498 827 1534 iuiuriatores
859 1497 1023 1533 volentes
1064 1498 1197 1533 eisdem
1243 1497 1390 1533 decanis
1421 1511 1468 1534 ne
1499 1510 1566 1545 pro
1594 1497 1743 1545 singulis
1775 1497 1934 1544 querelis

359 1573 538 1616 cogantur
552 1567 599 1602 ad
614 1566 731 1602 sedem
746 1566 946 1613 predictam
966 1565 1101 1601 habere
1120 1568 1305 1602 recursum
1325 1566 1488 1602 remedio
1507 1566 1700 1601 subuenire
1720 1566 1853 1601 eisdem
1874 1566 1934 1601 ab·

354 1637 499 1672 batibus
521 1635 652 1672 Sancte
669 1634 799 1671 Crucis
819 1641 855 1670 et
871 1634 1080 1670 Newbottel
1100 1641 1137 1670 et
1155 1635 1289 1670 dileSm
1309 1635 1384 1670 filio
1404 1633 1584 1682 preposito
1609 1633 1733 1670 Sancti
1753 1634 1875 1681 Egidii
1895 1635 1931 1669 iu

356 1705 575 1752 Edinburgh
589 1704 804 1740 mandamus
819 1710 999 1750 quatenus
1014 1703 1077 1751 ipsi
1093 1703 1150 1738 vel
1165 1703 1237 1738 duo
1253 1709 1315 1738 aut
1331 1715 1422 1737 vnus
1438 1715 1563 1737 eorum
1578 1715 1644 1749 per
1659 1703 1693 1737 se
1712 1701 1786 1750 [vel
1801 1701 1930 1751 alium]

354 1775 415 1810 seu
443 1773 531 1809 alios
559 1773 627 1809 fint
655 1773 930 1808 conseruatores
958 1778 993 1808 et
1020 1772 1160 1807 iudices
1188 1771 1284 1806 dieto
1312 1771 1452 1806 decano
1483 1770 1535 1819 [et
1562 1770 1738 1817 capitulo]
1762 1783 1831 1805 nec
1850 1783 1930 1818 per-

356 1843 503 1878 mittant
531 1841 675 1878 eosdem
705 1842 811 1888 super
840 1841 1027 1888 quibusuis
1062 1840 1167 1875 bonis
1197 1840 1243 1875 ad
1272 1853 1333 1875 eos
1363 1840 1630 1888 pertinentibus
1660 1852 1681 1875 a
1709 1852 1929 1888 quocunque

355 1910 537 1947 molestari
558 1910 615 1946 vel
634 1910 850 1958 grauamina
869 1910 1003 1944 damna
1030 1908 1090 1944 seu
1116 1908 1269 1944 iniurias
1292 1908 1447 1956 irrogari
1474 1908 1554 1944 fieri
1582 1908 1678 1944 dieto
1699 1908 1838 1944 decano
1858 1915 1927 1945 etc.

355 1992 437 2015 cum
469 1980 514 2015 ab
543 1978 587 2014 iis
621 1978 679 2014 vel
714 1977 1015 2024 procuratoribus
1045 1977 1116 2012 suis
1149 1976 1286 2012 fuerint
1317 1977 1481 2024 requisiti
1519 1977 1624 2024 super
1656 1976 1925 2013 restitucionem

354 2047 558 2083 huiusmodi
584 2052 832 2094 prouentuum
859 2051 896 2082 et
920 2045 1099 2080 bonorum
1127 2058 1271 2080 necnon
1291 2045 1336 2080 de
1356 2044 1574 2092 quibussibet
1593 2044 1764 2080 molestiis
1782 2045 1927 2081 iniuriis

355 2122 463 2163 atque
490 2115 632 2151 damnis
659 2115 705 2150 ad
734 2113 875 2150 iusticie
905 2113 1208 2160 complementum
1239 2119 1478 2160 occupatores
1506 2119 1541 2149 et
1569 2113 1778 2148 detentores
1808 2113 1925 2149 huius-

354 2183 450 2218 modi
487 2183 779 2230 quandocunque
816 2187 852 2217 et
891 2181 1181 2228 quociescumque
1225 2180 1413 2229 expediret
1451 2181 1666 2216 au&oritate
1702 2180 1826 2216 nostra
1860 2194 1925 2228 per

356 2252 543 2287 censuram
573 2250 851 2286 ecclesiasticam
884 2249 1137 2297 appellacione
1165 2248 1362 2296 postposita
1392 2249 1653 2298 compescendo
1682 2250 1853 2285 inuocato
1878 2250 1924 2284 ad

356 2319 425 2353 hoc
453 2318 477 2353 fi
507 2332 596 2366 opus
625 2319 735 2354 fuerit
764 2318 902 2354 auxilio
931 2317 1072 2353 brachii
1103 2317 1275 2353 secularis
1292 2335 1299 2342 -
1320 2317 1426 2352 Nulli
1453 2330 1541 2365 ergo
1570 2317 1716 2352 omnino
1736 2317 1922 2352 hominum

357 2393 425 2420 ete.
474 2385 611 2421 Datum
631 2386 747 2422 Rome
767 2386 863 2434 apud
884 2385 1055 2422 Sanctum
1074 2385 1223 2421 Petrum
1244 2399 1340 2421 anno
1359 2385 1547 2421 millesimo
1567 2384 1921 2432 quadringentesimo

358 2453 574 2500 octogesimo
593 2454 743 2500 septimo
762 2453 881 2489 idibus
901 2453 1124 2489 Nouembris
1142 2453 1376 2501 pontificatus
1396 2453 1508 2489 nostri
1528 2466 1623 2489 anno
1644 2459 1786 2499 quartO.
