2147 2964
497 301 710 338 SANCTE
739 301 1055 338 TRINITATIS
1082 301 1153 337 DE
1180 302 1513 340 EDINBURGH.
1716 310 1787 345 209

219 399 369 435 consilio
388 400 538 448 capituli
558 407 594 436 et
612 401 939 448 prebendariorum
965 401 1242 448 subscriptorum
1268 402 1529 449 calumpniauit
1549 410 1585 438 et
1603 405 1785 440 accusauit

217 474 326 514 prout
344 469 506 515 sequitur
525 491 532 498 ·
553 468 596 504 In
615 469 741 517 primis
761 470 858 516 quod
877 470 970 505 citra
987 470 1161 505 mandata
1188 482 1369 505 canonum
1390 483 1431 506 ac
1451 478 1580 506 contra
1599 473 1731 508 statuta
1750 480 1784 508 et

217 536 474 571 fundacionem
493 537 655 583 predicte
675 537 823 572 ecclesie
851 549 995 572 necnon
1023 543 1153 572 contra
1179 537 1403 573 honestatem
1424 539 1628 575 clericalem
1649 541 1685 575 in
1706 554 1783 587 per-

216 603 390 639 niciosum
421 604 625 651 exemplum
656 604 979 640 ecclesiasticorum
1008 612 1043 640 et
1070 606 1107 640 in
1136 606 1394 641 detrimentum
1423 620 1465 642 ac
1490 608 1683 655 dampnum
1710 622 1781 643 non

217 671 399 706 modicum
417 671 525 706 officii
544 671 700 707 sacristie
721 672 837 706 eidem
860 671 1034 707 Michaeli
1057 673 1227 708 commisii
1257 674 1470 721 noffiuagus
1489 675 1645 721 goliator
1664 676 1784 711 existit

215 738 501 785 multociensque
531 739 688 773 vestibus
721 738 986 774 diffimulatiuis
1015 739 1230 774 histrionum
1258 747 1293 775 et
1320 741 1502 776 fatuorum
1530 742 1692 777 tabernis
1717 743 1782 778 viis

213 805 367 852 publicis
382 819 424 841 ac
439 805 589 841 diuersis
609 806 687 841 aliis
706 806 796 841 locis
815 806 1016 842 inhonestis
1031 813 1067 842 et
1082 807 1253 843 societate
1272 807 1450 842 laicorum
1469 808 1618 844 minime
1633 810 1780 846 honesta

215 873 277 909 sed
306 873 432 909 vilium
459 874 697 921 personarum
725 874 838 909 vtitur
868 874 1087 910 exercicium
1116 875 1169 910 sui
1197 875 1304 910 officii
1331 875 1483 923 predi&i
1511 883 1547 912 ct
1574 877 1780 914 diuinorum

218 942 312 978 diae
339 942 531 990 collegiate
558 942 708 978 ecclesie
736 942 930 978 obmittens
957 942 1048 978 ostia
1074 942 1182 991 ipsius
1209 943 1358 979 ecclesie
1385 957 1427 980 ac
1455 945 1604 992 capituli
1625 946 1780 982 eiusdem

218 1017 254 1046 et
273 1011 473 1047 custodiam
499 1011 667 1047 iocalium
696 1024 738 1047 ac
758 1011 1055 1046 vestimentorum
1083 1012 1224 1058 prefate
1251 1010 1399 1047 ecclesie
1419 1025 1543 1048 verum
1572 1014 1685 1049 eciam
1706 1016 1782 1062 pul-

214 1079 392 1115 sacionem
413 1093 672 1127 campanarum
693 1080 916 1128 temporibus
936 1079 1076 1115 statutis
1102 1092 1248 1115 necnon
1277 1093 1458 1116 cameram
1480 1081 1576 1117 suam
1595 1084 1779 1130 propriam

214 1153 249 1183 et
269 1154 387 1183 ortum
408 1149 506 1183 suum
527 1149 676 1184 minime
696 1155 734 1184 vt
753 1149 865 1184 ceteri
894 1148 944 1184 sui
971 1148 1173 1184 confratres
1200 1149 1434 1196 prebendarii
1455 1150 1648 1185 obseruans
1667 1157 1780 1187 matu-

215 1215 364 1262 tineque
383 1229 426 1251 ac
445 1217 559 1252 multa
578 1223 614 1253 et
632 1217 775 1252 diuersa
801 1217 873 1252 alia
899 1216 1026 1252 diuina
1053 1216 1170 1251 officia
1196 1217 1235 1251 in
1263 1217 1405 1252 defeau
1432 1219 1562 1266 prefati
1587 1219 1780 1255 Michaelis

214 1295 281 1329 pro
312 1284 490 1331 suffragiis
521 1284 754 1320 fundatorum
791 1285 961 1320 ordinata
993 1297 1058 1331 per
1090 1284 1205 1331 ipsum
1238 1285 1458 1321 Michaelcm
1492 1287 1712 1323 deficiuntur
1745 1296 1780 1324 et

215 1351 389 1387 obliuioni
410 1352 606 1388 traduntur
625 1365 706 1388 cum
727 1352 875 1387 diuersis
903 1352 981 1387 aliis
1001 1352 1200 1387 defectibus
1228 1353 1274 1388 ad
1301 1353 1448 1400 presens
1475 1354 1624 1390 minime
1644 1357 1780 1404 recapi-

215 1419 374 1454 tulandis
393 1439 400 1448 ·
421 1420 643 1466 Quiquidem
664 1420 827 1455 Michael
854 1420 1030 1456 confessus
1055 1420 1107 1455 est
1131 1420 1163 1455 se
1191 1421 1228 1456 in
1256 1421 1432 1468 premissis
1451 1423 1636 1470 deliquisse
1655 1437 1722 1459 nec
1741 1425 1778 1460 in

216 1487 269 1523 his
288 1488 322 1523 se
342 1489 513 1523 excusare
533 1488 652 1535 potuit
669 1494 704 1523 et
730 1488 813 1523 ideo
841 1489 1057 1524 correffioni
1085 1488 1233 1524 consilio
1253 1495 1289 1524 et
1308 1490 1480 1525 mandato
1500 1491 1679 1526 dictorum
1698 1504 1776 1538 pre-

215 1555 320 1603 positi
339 1556 488 1603 capituli
516 1563 552 1592 et
578 1556 904 1603 prebendariorum
932 1557 1035 1604 1i1pra
1062 1562 1098 1592 et
1124 1557 1403 1604 subscriptorum
1431 1558 1465 1594 se
1484 1571 1574 1605 pure
1594 1566 1630 1595 et
1649 1560 1777 1607 simpli-

216 1625 306 1660 citer
326 1626 474 1660 omnino
494 1624 652 1660 submisit
668 1645 675 1651 -
696 1624 932 1671 Quapropter
950 1624 1036 1659 dieti
1055 1625 1254 1673 prepositus
1274 1632 1310 1661 et
1327 1626 1523 1673 capitulum
1543 1628 1640 1662 suam
1660 1628 1776 1664 deter-

214 1693 456 1729 minacionem
476 1693 750 1728 ordinacionem
770 1699 805 1728 et
824 1693 1011 1728 decretum
1039 1694 1329 1740 pronunciarunt
1357 1695 1393 1729 in
1423 1695 1518 1731 hunc
1538 1696 1598 1742 qui
1618 1697 1777 1743 sequitur

214 1761 357 1796 modum
383 1782 390 1789 ·
415 1761 495 1797 Nos
524 1761 714 1796 Johannes
740 1761 927 1808 Dingwall
959 1761 1051 1796 sedis
1080 1761 1273 1809 apostolice
1301 1763 1598 1810 prothonotarius
1627 1764 1776 1800 ecclesie

215 1829 406 1877 collegiate
434 1829 657 1866 Saffistiffime
677 1829 873 1865 Trinitatis
899 1842 1010 1877 prope
1037 1829 1255 1877 Edinburgh
1282 1830 1482 1877 prepositus
1510 1844 1652 1867 necnon
1680 1833 1775 1880 capi-

214 1897 327 1933 tulum
357 1904 392 1933 et
421 1897 654 1945 prebendarii
684 1898 841 1932 eiusdem
871 1897 1119 1944 capitulariter
1149 1898 1362 1945 congregati
1389 1899 1426 1933 in
1455 1899 1560 1934 causa
1585 1900 1643 1934 seu
1663 1900 1775 1935 causis

214 1973 342 2001 contra
361 1972 395 2001 te
415 1966 599 2001 dominum
620 1965 838 2000 Michaelem
859 1964 993 2000 Disard
1012 1966 1104 2001 diae
1130 1966 1321 2013 collegiate
1340 1968 1488 2003 ecclesie
1508 1969 1690 2004 sacristam
1710 1982 1775 2017 per

214 2047 278 2069 nos
297 2042 395 2069 mota
416 2033 492 2082 [seu
517 2033 639 2081 motis]
666 2040 816 2081 propter
844 2040 942 2069 tuam
971 2033 1195 2070 inhonestam
1225 2036 1541 2071 conuersacionem
1569 2038 1666 2073 cirea
1685 2038 1775 2073 diui-

213 2115 298 2138 num
328 2103 464 2138 cultum
492 2102 585 2137 diae
613 2101 762 2137 ecclesie
790 2108 826 2136 et
853 2101 1076 2137 honestatem
1105 2102 1310 2138 clericalem
1339 2115 1409 2150 que
1436 2110 1627 2151 putaretur
1645 2104 1711 2140 esse
1737 2106 1771 2141 iu

212 2171 364 2219 persona
383 2176 446 2206 tua
465 2170 717 2217 cognoscenda
736 2175 803 2205 etc.
824 2182 867 2204 ex
895 2175 957 2205 tua
982 2170 1132 2217 propria
1156 2170 1372 2206 confessione
1392 2177 1427 2206 et
1446 2184 1485 2206 re
1502 2171 1604 2219 gesta
1621 2173 1773 2220 desuper

213 2238 411 2286 prehabitis
429 2237 712 2285 pronunciamus
732 2237 961 2272 decernimus
989 2244 1024 2273 et
1047 2237 1273 2273 declaramus
1293 2244 1400 2284 atque
1420 2238 1484 2273 tibi
1503 2239 1540 2274 in
1558 2239 1614 2275 his
1633 2240 1772 2288 scriptis

214 2307 427 2342 mandamus
445 2313 623 2353 quatenus
641 2305 678 2340 in
692 2305 852 2340 futurum
872 2317 945 2339 non
966 2304 1008 2340 fis
1026 2305 1239 2353 noffiuagus
1258 2318 1376 2352 neque
1395 2306 1552 2354 goliator
1567 2320 1635 2343 nec
1654 2309 1770 2344 taber—

214 2375 270 2410 nis
289 2387 407 2422 neque
427 2374 596 2410 societate
614 2373 737 2408 vilium
755 2374 989 2420 personarum
1007 2386 1074 2408 nec
1093 2373 1181 2408 locis
1200 2373 1398 2409 inhonestis
1418 2387 1535 2421 neque
1551 2375 1770 2412 vestimentis

213 2442 478 2479 diffimulatiuis
497 2442 709 2477 histrionum
730 2447 766 2477 et
784 2441 964 2477 fatuorum
984 2439 1048 2475 nisi
1068 2441 1319 2477 tautummodo
1338 2451 1404 2489 pro
1420 2442 1556 2478 domini
1572 2443 1668 2490 regis
1683 2443 1770 2478 sola-

942 2512 963 2544 2
984 2521 1006 2544 D
