2147 2964
189 1047 257 1080 183

320 266 392 302 206
618 263 935 301 REGISTRUM
962 262 1218 301 ECCLESIE
1248 262 1591 301 COLLEGIATE

370 365 553 400 Dominus
584 362 750 398 THOMAS
779 363 951 399 VVATsoN
981 375 1091 398 manu
1136 363 1379 398 ALEXANDER
1405 362 1579 398 Pmmn
1602 374 1712 397 manu
1737 362 1885 410 propria

418 433 569 481 propria
1135 431 1339 468 Gssonclus
1368 430 1653 467 CLAPPERTONE
1681 443 1792 466 manu
1815 443 1895 478 pro-

370 502 555 538 Dommus
576 500 786 537 MchAELL
801 500 962 537 DYsART
981 513 1092 536 manu
1185 500 1268 548 pria

420 569 572 618 propria
1137 569 1379 605 W1LLELMUS
1401 567 1558 604 ΤΕΜΡΠ,
1576 581 1686 604 manu
1705 567 1855 616 propria

373 639 616 674 ALEXANDER
668 637 910 673 TAiLLmrER
937 637 1091 686 preben-
1134 639 1251 675 ΑΒΑΜ
1271 637 1457 673 FRANCHE
1477 650 1587 673 manu
1605 637 1756 685 propria

420 707 545 742 darius
564 719 674 742 manu
692 706 845 754 propria

372 775 614 811 W1LLELMUS
635 774 838 810 MELDRUM
867 775 1022 811 clericus
1049 774 1314 812 Abirdonenfis
1342 773 1493 809 diocesis
1521 773 1737 809 au8toritate
1759 773 1897 821 aposto·

420 843 492 879 lica
510 843 673 878 notarius
692 843 861 890 publicus
878 843 916 878 in
935 843 1042 879 fidem
1063 843 1312 892 premissorum
1332 842 1524 890 requisitus
1542 855 1652 878 manu
1670 843 1733 878 sua
1748 841 1898 889 propria

421 910 638 959 subscripsit.

323 1033 375 1086 ΙΝ
405 1049 479 1086 Dei
506 1049 654 1085 nomine
682 1061 789 1084 amen
815 1069 822 1076 ·
851 1048 923 1083 Per
950 1048 1019 1084 hoe
1047 1052 1194 1097 presens
1226 1049 1414 1097 publicum
1444 1048 1727 1084 instrumentum
1760 1047 1899 1083 cunctis

323 1124 447 1166 pateat
476 1118 667 1154 euidenter
697 1124 733 1153 et
763 1117 805 1152 sit
834 1122 960 1152 notum
989 1119 1087 1164 quod
1117 1131 1214 1153 anno
1242 1117 1518 1153 Incarnacionis
1537 1116 1689 1152 Domini
1710 1116 1900 1152 millesimo

324 1185 616 1235 quingentesimo
647 1185 819 1233 vigesimo
850 1185 950 1220 sexto
985 1185 1115 1220 mensis
1150 1199 1236 1221 vero
1268 1185 1411 1232 Aprilis
1441 1185 1500 1220 die
1541 1185 1757 1220 duodecimo
1785 1184 1901 1220 indic-

324 1256 424 1291 tione
441 1255 586 1290 decima
604 1259 736 1301 quarta
753 1253 989 1300 pontificatus
1011 1253 1217 1289 sanfhffimi
1244 1253 1283 1288 in
1304 1252 1424 1289 Cristo
1442 1252 1556 1300 patris
1575 1258 1611 1288 et
1630 1252 1769 1287 domini
1787 1252 1902 1287 nostri

325 1324 463 1359 domini
485 1322 686 1360 Clementis
714 1321 841 1357 diuina
868 1321 1107 1369 prouideneia
1133 1334 1228 1369 pape
1255 1321 1398 1369 septimi
1427 1333 1524 1356 anno
1551 1321 1667 1356 tercio
1693 1321 1730 1356 in
1750 1321 1903 1368 preben-

326 1391 511 1427 dariorum
531 1390 676 1437 meique
696 1389 829 1425 notarii
848 1389 985 1437 publici
1007 1395 1043 1425 et
1062 1389 1207 1425 testium
1226 1389 1509 1437 subscriptorum
1528 1389 1718 1437 presencia
1735 1389 1905 1437 persona·-

326 1461 411 1496 liter
438 1458 655 1495 constitutus
683 1458 905 1494 venerabilis
934 1458 988 1493 vir
1014 1458 1185 1506 magister
1211 1457 1404 1494 Johannes
1431 1457 1597 1494 Lethane
1625 1456 1775 1493 ecclesie
1794 1457 1903 1493 colle-

326 1529 423 1577 giate
443 1527 573 1563 Sanfioe
594 1526 792 1563 Trinitatis
810 1539 924 1575 prope
943 1526 1163 1574 Edinburgh
1186 1526 1453 1574 prebendarius
1472 1527 1699 1562 subdecanus
1717 1526 1756 1561 in
1776 1526 1903 1562 eadem

328 1602 560 1644 nuncupatus
580 1596 774 1632 attendens
793 1601 829 1631 et
853 1594 1085 1631 considerans
1113 1602 1292 1643 quatenus
1311 1595 1438 1643 vigore
1461 1595 1693 1630 fundacionis
1712 1595 1785 1631 siue
1805 1607 1903 1630 erec-

329 1665 438 1701 tionis
457 1664 644 1712 prebende
663 1664 723 1699 sue
741 1663 905 1711 predifil’e
930 1663 967 1698 in
987 1663 1097 1711 plano
1118 1670 1228 1700 cantu
1250 1664 1393 1711 prz'klcit
1419 1664 1497 1699 noit
1514 1663 1679 1699 discantu
1699 1669 1735 1699 et
1754 1663 1903 1711 organis

329 1743 365 1771 et
384 1735 429 1770 ad
449 1734 650 1769 ludendum
670 1733 708 1768 in
727 1733 799 1768 illis
818 1732 854 1768 in
879 1733 1023 1780 prefata
1040 1732 1236 1781 collegiata
1254 1732 1404 1769 ecclesia
1422 1738 1458 1767 et
1477 1732 1523 1767 ad
1543 1732 1804 1768 celebrandum
1823 1732 1903 1767 mis-

331 1804 403 1838 sam
422 1803 461 1838 in
481 1802 674 1838 vndecima
699 1802 791 1837 hora
818 1807 902 1837 ante
929 1802 1119 1837 meridiem
1149 1814 1231 1837 cum
1255 1800 1444 1848 dispositus
1472 1800 1582 1836 fuerit
1612 1800 1727 1836 eciam
1753 1801 1799 1836 ad
1818 1813 1903 1836 con-

330 1872 471 1907 tinuam
490 1870 729 1906 refidenciam
757 1869 922 1906 astrictus
950 1870 1179 1917 qualificatus
1206 1875 1378 1916 expertus
1398 1874 1434 1904 et
1451 1870 1545 1905 bene
1565 1869 1729 1905 eruditus
1749 1869 1901 1905 existere

332 1946 477 1976 tenetur
504 1945 614 1988 prout
645 1939 683 1974 in
715 1938 923 1974 huiusmodi
952 1938 1173 1974 fundacione
1206 1937 1278 1972 siue
1311 1937 1495 1973 ereuione
1524 1937 1639 1973 lacius
1666 1938 1875 1974 continetur
1894 1959 1901 1965 ·

332 2009 501 2057 penitens
528 2014 651 2044 autem
680 2013 716 2043 et
745 2020 831 2055 egre
862 2007 983 2043 ferens
1012 2012 1048 2042 et
1075 2006 1244 2042 dolenter
1273 2005 1481 2054 recogitans
1510 2019 1553 2042 ac
1581 2006 1773 2042 recensens
1801 2007 1835 2042 se
1867 2013 1903 2042 vt

332 2078 556 2125 premittitur
573 2077 610 2112 in
629 2075 806 2124 premiffis
833 2075 983 2111 minime
1011 2075 1079 2111 esse
1099 2074 1347 2122 qualificatum
1366 2095 1374 2102 ·
1393 2074 1588 2122 volensque
1608 2080 1783 2121 quantum
1803 2075 1839 2110 in
1859 2088 1902 2110 eo

333 2145 452 2181 existit
469 2144 674 2180 huiusmodi
701 2143 959 2180 fundacionem
986 2142 1060 2179 siue
1087 2143 1306 2179 erefflonem
1335 2156 1417 2179 cum
1444 2142 1680 2179 auisiamento
1699 2149 1734 2179 et
1753 2142 1901 2179 consilio

334 2213 528 2248 reuerendi
548 2212 685 2248 domini
704 2212 867 2260 magistri
884 2211 1067 2247 Johannis
1087 2211 1275 2259 Dingwall
1293 2212 1435 2259 prefate
1455 2211 1647 2259 collegiate
1667 2210 1815 2247 ecclesie
1833 2224 1900 2258 pro

335 2288 498 2328 tempore
516 2281 687 2329 prepositi
705 2286 792 2317 tunc
811 2281 989 2328 presentis
1016 2293 1160 2316 necnon
1183 2279 1334 2327 capituli
1354 2279 1510 2315 eiusdem
1530 2278 1680 2315 ecclesie
1698 2278 1901 2314 huiusmodi

336 2348 491 2384 defectui
521 2348 712 2384 subuenire
744 2354 780 2384 et
812 2349 990 2385 vlcionem
1022 2348 1095 2384 siue
1126 2348 1422 2396 indignacionem
1454 2346 1675 2383 Sanffiffime
1707 2346 1902 2383 Trinitatis

337 2422 485 2464 propter
504 2429 577 2452 non
597 2417 868 2464 implementum
888 2417 948 2452 sue
976 2416 1207 2452 fundacionis
1226 2416 1298 2451 siue
1326 2415 1516 2451 erectionis
1534 2415 1696 2462 predifflae
1715 2416 1875 2463 effugere
1895 2438 1901 2443 -
