2147 2964
331 299 376 321 xx
663 281 891 320 TRINITY
920 279 1180 324 COLLEGE,
1207 279 1543 318 EDINBURGH.

333 384 394 416 No.
411 383 484 415 280.
764 381 957 422 Compotum
971 379 1138 422 receptoris
1153 379 1317 411 firmarum
1339 379 1378 412 de
1401 379 1675 422 Linlithqwschire
1695 380 1910 422 spectancium

719 436 842 469 domini
858 436 939 478 Regi
954 437 974 468 5
989 435 1072 469 Julii
1089 436 1236 469 1480—6
1253 435 1336 468 Julii
1353 436 1445 469 1481.

378 521 382 526 .
403 518 410 525 .
430 518 437 526 .
454 520 460 525 .
479 494 523 526 Et
553 503 616 525 non
644 497 755 525 onerat
788 503 822 525 se
851 492 890 525 de
919 491 1019 524 firmis
1051 494 1207 524 teri-amm
1244 491 1283 523 de
1314 491 1569 533 Gummystoune
1598 491 1843 524 Crovnarisland
1879 496 1911 523 et

333 549 481 583 Manwell
496 559 557 591 que
572 552 647 581 sunt
662 549 701 581 de
723 548 914 591 proprietate
929 546 1050 579 domini
1066 546 1162 589 Regis
1183 550 1216 579 et
1238 546 1388 579 dicuntur
1403 547 1505 579 valere
1531 547 1564 579 in
1579 558 1663 579 anno
1679 547 1790 589 viginti
1815 547 1912 580 libras

334 616 394 648 que
409 609 484 637 sunt
506 605 540 637 in
563 604 711 637 manibus
727 603 863 636 Walteri
886 603 1026 644 Ramsay
1041 602 1081 635 de
1096 602 1233 635 Dunone
1254 606 1287 635 et
1309 602 1431 635 domini
1454 602 1603 635 Edwardi
1623 603 1738 635 Boncle
1762 603 1910 645 prepositi

333 660 455 702 collegii
472 660 585 693 Sancte
602 659 769 692 Trinitatis
784 669 824 691 ex
839 657 1008 691 tolerancia
1023 657 1145 690 domini
1161 658 1268 700 Regis.

334 774 391 805 No.
410 773 484 805 282.
760 770 954 812 Oompotum
980 769 1142 801 camerarii
1168 774 1200 801 et
1225 770 1392 812 receptor-is
1418 770 1583 801 firmarum
1611 770 1649 802 de
1682 769 1910 811 Lithqwschire

720 827 739 858 6
755 826 779 858 J
781 825 838 858 ulii
854 826 1024 858 1481-29
1041 825 1179 867 Augusti
1195 826 1287 858 1482.

377 908 384 915 .
403 910 407 915 .
428 908 435 914 .
453 909 459 916 .
477 883 521 915 Et
550 893 612 915 non
642 886 751 914 onerat
780 892 812 914 se
841 881 881 913 de
910 881 1011 913 firmis
1042 880 1113 923 [etc.
1142 884 1177 912 ut
1211 891 1313 923 supra
1342 892 1438 923 usque
1465 881 1523 923 ad]
1551 885 1583 912 et
1609 880 1731 912 domini
1761 880 1910 912 Edwardi

334 939 460 973 Bonkill
477 938 624 981 prepositi
639 937 765 970 ecclesie
781 937 945 979 collegiate
961 937 1076 970 Sancte
1092 936 1259 969 Trinitatis
1273 947 1370 979 prope
1385 937 1575 978 Edinburgh
1599 947 1692 978 super
1708 936 1823 978 quibus
1837 947 1911 968 con-

333 995 482 1028 sulendus
497 996 544 1026 est
560 994 637 1026 Rex.

332 1108 390 1138 No.
410 1107 480 1138 291.
765 1104 955 1146 Compotum
976 1103 1144 1145 receptoris
1165 1103 1330 1136 firmamm
1350 1108 1382 1136 et
1405 1104 1565 1136 redditum
1580 1104 1620 1136 de
1635 1103 1910 1146 Linlithqwschire

718 1163 808 1193 extra
822 1161 960 1202 burgum
975 1160 1117 1202 ejusdem
1134 1161 1172 1192 19
1189 1159 1211 1191 J
1213 1159 1271 1191 ulii
1287 1161 1436 1193 1486-4
1451 1160 1475 1192 J
1476 1159 1534 1191 ulii
1551 1160 1643 1193 1487.

377 1244 381 1249 .
403 1242 409 1248 .
428 1242 435 1248 .
453 1241 460 1248 .
478 1217 521 1249 Et
536 1227 598 1249 non
615 1220 726 1249 onerat
740 1226 772 1248 se
788 1216 826 1248 de
842 1216 941 1248 firmis
958 1215 1025 1258 [etc.
1043 1219 1078 1247 ut
1092 1226 1193 1257 supra
1208 1215 1244 1248 in
1259 1219 1401 1257 compoto
1418 1216 1626 1257 1481-1482].

331 1330 389 1361 No.
408 1329 478 1361 293.
763 1326 954 1369 Compotum
968 1326 1130 1359 camerarii
1145 1326 1185 1358 de
1196 1326 1472 1368 Linlithqwschire
1487 1326 1540 1358 4J
1542 1326 1599 1357 ulii
1612 1326 1761 1359 1487-2
1771 1326 1908 1366 Augusti

720 1383 814 1415 1488.

452 1465 458 1471 .
475 1439 518 1471 Et
547 1449 610 1471 non
640 1442 751 1471 onerat
780 1449 812 1471 se
841 1439 881 1470 de
910 1437 1010 1470 firmis
1042 1437 1110 1481 [etc.
1141 1441 1177 1469 ut
1206 1447 1306 1479 supra
1336 1447 1433 1478 usque
1462 1436 1520 1478 ad]
1554 1440 1586 1469 et
1616 1436 1737 1468 domini
1767 1436 1909 1468 Eduardi

332 1495 452 1528 Bonkle
468 1494 617 1537 prepositi
639 1494 767 1527 ecclesie
789 1493 955 1535 collegiate
970 1493 1084 1526 Sancte
1099 1492 1265 1524 Trinitatis
1280 1492 1319 1524 de
1335 1492 1524 1534 Edinburgh
1547 1502 1640 1534 super
1661 1502 1724 1534 quo
1746 1491 1909 1524 consulen-

331 1552 388 1583 dus
404 1555 451 1583 est
466 1551 544 1583 Rex.

331 1657 388 1687 No.
408 1657 481 1689 308.
762 1655 955 1697 Compotum
966 1654 1129 1687 camerarii
1141 1654 1179 1686 de
1195 1654 1431 1686 Striuelinschir
1443 1655 1464 1688 7
1480 1654 1620 1696 Augusti
1631 1655 1801 1687 1495—22
1814 1654 1838 1685 J
1840 1654 1907 1685 unii

722 1711 815 1743 1496.

450 1793 456 1799 .
474 1767 519 1799 Et
547 1776 610 1798 non
640 1768 749 1798 onerat
786 1776 818 1797 se
855 1765 895 1797 de
930 1765 1029 1796 firmis
1066 1767 1220 1796 terrarum
1256 1764 1295 1796 de
1325 1764 1427 1795 Powis
1454 1763 1493 1796 de
1523 1764 1604 1795 Erth
1637 1764 1842 1806 Mannualrig
1874 1770 1906 1796 et

332 1822 505 1854 molendini
534 1821 675 1854 eiusdem
697 1831 760 1863 que
785 1820 915 1853 fuerunt
938 1820 972 1852 in
1002 1820 1150 1852 manibus
1175 1819 1297 1851 domini
1326 1819 1476 1851 Edwardi
1499 1819 1628 1851 Bonkill
1654 1824 1731 1851 tuno
1758 1820 1905 1861 prepositi

332 1877 452 1918 collegii
479 1877 593 1909 Sancte
619 1876 787 1908 Trinitatis
813 1886 908 1917 prope
932 1875 1122 1917 Edinburgh
1144 1879 1176 1907 et
1198 1874 1328 1907 fuerunt
1349 1874 1508 1916 assignate
1529 1875 1570 1906 ad
1590 1875 1740 1906 fabricam
1765 1875 1904 1906 eiusdem

333 1942 424 1973 super
438 1942 501 1973 quo
516 1931 725 1963 consulendus
739 1934 786 1963 est
801 1931 879 1962 Rex.

334 2053 392 2085 No.
411 2054 480 2085 310.
765 2053 956 2095 Oompotum
983 2053 1146 2085 camerarii
1172 2053 1210 2086 de
1237 2053 1466 2086 Striuilinsehir
1492 2056 1513 2085 4
1539 2054 1631 2085 Junii
1657 2055 1805 2086 1496—7
1824 2054 1904 2086 Julii

722 2110 816 2142 1497.

378 2187 383 2192 .
413 2187 418 2192 .
448 2188 452 2193 .
483 2188 488 2193 .
520 2164 563 2196 Et
593 2175 655 2196 non
685 2167 794 2197 onerat
824 2173 856 2196 se
885 2163 924 2195 de
953 2163 1054 2195 firmis
1083 2168 1240 2196 terrarum
1273 2163 1312 2195 de
1342 2163 1445 2195 Powis
1474 2163 1512 2194 de
1542 2163 1624 2194 Erth
1655 2163 1836 2205 Manuelrig
1872 2168 1903 2195 et

337 2219 509 2250 molendini
535 2219 675 2260 ejusdem
699 2229 760 2260 que
787 2218 917 2250 fuerunt
942 2218 975 2250 in
1001 2219 1149 2250 manibus
1174 2219 1334 2260 quondam
1358 2218 1478 2250 domini
1502 2217 1644 2249 Eduardi
1676 2218 1802 2250 Bonkill
1827 2224 1903 2250 tunc

337 2273 485 2314 prepositi
508 2274 635 2306 ecclesie
666 2273 828 2315 collegiate
852 2284 948 2315 prope
980 2273 1172 2316 Edinburgh
1198 2279 1230 2306 et
1255 2274 1385 2306 fuerunt
1410 2273 1470 2306 sibi
1496 2273 1654 2315 assignate
1682 2273 1723 2305 ad
1751 2273 1903 2306 fabricam

337 2328 485 2359 eiusdem.
525 2328 568 2360 Et
582 2333 766 2370 compotans
791 2339 855 2360 non
878 2328 991 2360 habuit
1013 2329 1046 2361 in
1067 2329 1226 2361 mandatis
1251 2329 1292 2361 ad
1315 2329 1487 2362 leuandum
1511 2339 1604 2370 super
1619 2339 1682 2370 quo
1696 2329 1904 2361 consulendus

338 2387 384 2414 est
400 2383 477 2414 Rex.
