2147 2964
330 314 402 349 306
692 313 875 349 CARTA
900 312 1157 350 ECCLESIE
1187 312 1394 351 COLLEG
1402 314 1529 350 IATE

332 413 504 447 consensu
524 417 560 446 et
578 411 713 447 assensu
742 412 894 459 pre<li6ti
920 412 1057 447 domini
1085 412 1217 448 Jacobi
1245 413 1481 460 primogeniti
1510 419 1545 448 et
1568 413 1711 448 heredis
1732 413 1781 448 sui
1801 413 1906 458 super

332 480 519 515 ecclesiam
547 480 795 526 parochialem
824 481 869 515 de
889 480 1129 516 Lochorwart
1158 480 1278 516 nostre
1307 481 1458 516 diocesis
1487 494 1595 528 quam
1623 481 1719 516 idem
1740 479 1907 515 dominus

334 548 572 596 Creyclitoun
592 549 716 584 habito
736 557 772 584 et
792 550 940 585 obtento
968 562 1034 596 per
1060 550 1174 597 ipsum
1195 550 1347 597 desuper
1367 549 1556 585 voluntate
1583 556 1619 584 et
1643 547 1804 596 expresso
1824 560 1906 583 con-

332 618 432 652 sensu
449 617 586 652 domini
606 617 705 653 Petri
722 618 767 653 de
789 617 1027 666 Creyclitoun
1050 617 1201 653 re&oris
1220 625 1255 653 et
1276 618 1476 666 possessoris
1496 618 1655 654 eiusdem
1675 623 1851 664 quantum
1871 616 1908 650 in

332 687 408 734 ipso
424 686 475 721 est
491 686 584 722 diae
604 687 754 722 ecclesie
775 687 968 733 colleg-iate
988 694 1024 722 et
1044 686 1199 733 collegio
1219 686 1396 734 erigendo
1416 687 1561 721 annecti
1581 686 1682 733 cupit
1701 692 1736 721 et
1756 684 1856 732 iungi
1874 690 1910 719 et

335 756 439 802 snper
454 755 564 790 certis
579 754 658 790 aliis
673 755 781 790 terris
796 754 1063 803 posseiiionibus
1078 762 1114 790 et
1129 755 1258 790 annuis
1273 755 1476 791 redditibus
1491 754 1730 802 infrascriptis
1746 753 1908 788 ordinari

335 831 370 859 et
386 823 531 859 fundari
547 823 794 858 desiderantes
812 836 956 858 necnon
972 823 1080 870 ipfius
1096 823 1269 859 humilem
1288 824 1592 871 supplicacionem
1609 830 1648 860 ut
1664 823 1748 858 dieti
1765 822 1908 868 collegii

330 892 593 937 fundacionem
613 892 884 940 disposicionem
909 898 944 927 et
963 892 1239 927 ordinacionem
1266 892 1426 939 prefatas
1445 905 1511 939 per
1529 891 1643 927 nostri
1664 890 1911 926 solicitudines

336 962 442 996 officii
461 961 506 996 ad
526 961 691 995 effefitum
712 961 918 1007 producere
938 961 1141 1007 approbare
1169 960 1350 995 ratificare
1378 967 1414 996 et
1434 961 1651 995 confirmare
1675 959 1911 1006 dignaremur

335 1030 497 1078 graciose
516 1029 719 1076 recepimus
739 1029 775 1063 in
795 1029 862 1064 hee
883 1029 994 1063 verba
1013 1050 1020 1057 ·
1041 1028 1262 1064 Reuerendo
1282 1028 1319 1062 in
1341 1027 1488 1063 Christo
1507 1028 1602 1075 patri
1623 1041 1664 1062 ae
1683 1027 1831 1062 domino
1851 1027 1912 1061 do-

337 1099 435 1133 mino
454 1098 596 1133 Jacobo
616 1097 854 1132 miseracione
882 1097 1010 1131 diuina
1037 1097 1206 1143 episcopo
1231 1096 1494 1131 Sanffiandree
1515 1096 1723 1130 VVillelmus
1743 1095 1912 1130 dominus

338 1166 576 1215 Creyehteun
604 1165 836 1201 reuerencias
865 1165 1092 1199 omnimodas
1121 1170 1222 1199 tanto
1250 1164 1342 1211 patri
1372 1164 1512 1199 debitas
1537 1177 1618 1199 cum
1645 1164 1784 1198 honore
1804 1184 1811 1191 ·
1838 1163 1913 1198 No-

337 1235 430 1270 uerit
460 1234 576 1269 vestra
602 1234 809 1268 reuerenda
835 1233 1038 1280 paternitas
1066 1232 1163 1279 quod
1192 1233 1228 1267 in
1256 1232 1401 1267 laudem
1431 1238 1467 1267 et
1494 1232 1671 1267 honorem
1696 1231 1765 1267 Dei
1786 1231 1913 1268 Omni-

337 1303 495 1351 potentis
532 1308 567 1337 et
599 1301 750 1337 Domini
779 1301 892 1335 nostri
920 1300 1007 1335 Jesu
1039 1300 1174 1337 Christi
1203 1301 1308 1335 beate
1341 1307 1377 1335 et
1407 1300 1563 1348 gloriose
1591 1301 1732 1348 semper
1761 1301 1914 1348 virginis

338 1372 457 1408 Marie
483 1371 587 1406 Beati
613 1370 833 1417 Kentigerni
862 1375 898 1405 et
925 1369 1085 1404 omnium
1116 1369 1318 1404 sanam-um
1346 1375 1382 1404 et
1410 1369 1607 1404 eleStorum
1635 1369 1707 1404 Dei
1735 1382 1803 1417 ego
1823 1369 1914 1405 Wil-

336 1441 462 1475 lelmus
482 1439 650 1474 dominus
670 1438 910 1486 Creychtoun
938 1437 1123 1485 prodietus
1151 1438 1195 1473 de
1224 1438 1399 1473 consensu
1419 1444 1454 1473 et
1474 1437 1609 1473 assensu
1626 1437 1764 1473 domini
1782 1437 1913 1473 Jacobi

337 1510 381 1545 de
403 1508 642 1556 Creychtoun
662 1508 800 1543 domini
821 1508 866 1542 de
885 1506 1144 1542 Frendrauclit
1163 1507 1227 1542 filii
1254 1514 1290 1543 et
1308 1507 1455 1543 heredis
1475 1507 1543 1542 mei
1565 1507 1611 1542 ad
1630 1513 1843 1554 perpetuam
1864 1507 1915 1542 rei

337 1577 551 1612 memoriam
569 1589 636 1623 pro
656 1576 769 1611 salute
788 1576 909 1610 anime
929 1576 1022 1611 bone
1043 1575 1216 1611 memorie
1235 1575 1368 1611 Jacobi
1396 1576 1493 1623 regis
1515 1574 1643 1611 Scoeie
1662 1582 1697 1611 et
1716 1589 1783 1623 pro
1803 1576 1915 1611 salute

339 1646 493 1694 supremi
522 1645 660 1680 domini
687 1643 800 1679 nostri
827 1643 959 1679 Jacobi
987 1644 1083 1691 regis
1109 1644 1276 1679 moderni
1304 1651 1340 1679 et
1368 1644 1514 1679 domine
1540 1643 1659 1679 Max-ie
1683 1645 1811 1691 regine
1831 1658 1915 1680 con-

339 1715 434 1763 iugis
453 1715 512 1749 sue
532 1721 567 1749 et
595 1726 660 1761 pro
683 1713 796 1748 salute
824 1713 1028 1749 animarum
1057 1713 1321 1749 antecessorum
1349 1718 1384 1748 et
1411 1712 1649 1748 successorum
1678 1713 1822 1748 suorum
1848 1726 1915 1761 pro

342 1784 454 1819 salute
471 1783 586 1818 eciam
605 1782 809 1817 animarum
831 1783 1016 1828 quondam
1036 1782 1173 1817 domini
1189 1781 1346 1817 Joannis
1361 1781 1476 1828 patris
1493 1781 1563 1816 inei
1579 1787 1614 1816 et
1629 1781 1775 1816 domine
1791 1781 1916 1818 Cristi-

342 1865 410 1888 ane
425 1852 551 1887 matris
570 1864 649 1886 mee
669 1864 812 1886 necnon
832 1864 898 1898 pro
919 1851 1032 1887 salute
1052 1851 1172 1886 anime
1193 1863 1272 1886 mee
1291 1856 1327 1885 et
1339 1849 1497 1897 Agnetis
1514 1849 1680 1897 coniugis
1696 1863 1775 1886 mee
1791 1856 1826 1886 et
1842 1851 1917 1886 ani—

341 1934 480 1956 marum
502 1919 764 1955 antecessorum
785 1926 820 1955 et
839 1919 1076 1955 successorum
1106 1920 1311 1955 nostrorum
1339 1924 1375 1954 et
1401 1931 1467 1966 pro
1487 1918 1599 1954 salute
1618 1918 1822 1954 animarum
1843 1932 1916 1954 om-

341 1990 442 2024 nium
472 1989 727 2024 defunetorum
754 1988 917 2023 fidelium
946 2000 1243 2024 PREPOS1TURAM
1271 2001 1338 2035 pro
1365 1986 1546 2035 preposito
1574 1987 1635 2034 qui
1661 1987 1751 2022 alios
1775 1988 1812 2023 iu
1837 2001 1916 2035 pre-

342 2057 547 2093 eminencia
574 2063 609 2091 et
637 2056 776 2091 honore
804 2058 838 2091 in
869 2056 1063 2103 collegiata
1091 2056 1242 2092 ecelesia
1269 2057 1314 2091 de
1344 2055 1581 2103 Creychtoun
1611 2057 1730 2102 quoad
1759 2057 1860 2092 chori
1881 2064 1916 2093 et

343 2126 459 2161 diuini
479 2125 597 2161 cultus
616 2125 780 2172 regimen
807 2131 1031 2172 preponetur
1057 2124 1327 2173 prepositusque
1351 2124 1541 2160 vocabitur
1560 2137 1602 2160 ac
1622 2127 1701 2159 οᾶο
1721 2125 1917 2172 prebendis

343 2194 527 2241 perpetuis
559 2194 597 2228 in
630 2194 760 2240 quibus
793 2196 872 2228 oeno
906 2193 1096 2240 presbiteri
1130 2200 1308 2241 perpetuo
1344 2192 1631 2228 administraturi
1664 2206 1745 2228 cum
1777 2193 1917 2229 duobus

345 2262 466 2308 pueris
486 2261 557 2297 siue
578 2261 721 2296 clericis
741 2274 821 2296 eum
850 2261 1046 2297 sufficiente
1066 2261 1238 2310 porcione
1264 2262 1416 2297 inferius
1436 2261 1625 2308 designata
1643 2262 1916 2308 deputabuntur

346 2329 439 2363 facio
467 2330 645 2365 constituo
674 2336 710 2365 et
737 2330 867 2365 ordino
895 2336 931 2365 et
959 2330 1223 2378 imperpetuum
1254 2331 1366 2365 fundo
1387 2351 1394 2358 ·
1414 2329 1685 2377 Prepofituram
1714 2343 1800 2365 vero
1823 2330 1917 2365 diste

347 2396 495 2431 ecclesie
532 2397 723 2445 collegi-ate
759 2399 804 2433 de
842 2398 1080 2446 Creychtoun
1123 2400 1228 2445 super
1262 2399 1437 2433 fruffibus
1474 2398 1649 2433 vniuerfls
1686 2398 1836 2433 ecclesie
1871 2399 1917 2433 (le

350 2464 584 2511 Creyelitoun
607 2479 685 2501 eum
716 2467 992 2502 modifieaciene
1020 2467 1183 2514 sequenti
1203 2467 1338 2514 deputo
1365 2474 1400 2502 et
1419 2466 1556 2514 afligno
1575 2487 1582 2494 ·
1602 2466 1810 2513 Prepoiitus
1830 2480 1918 2503 vero
