2147 2964
734 300 804 337 DE
833 301 1261 339 CORSTORPHINE.
1711 310 1782 341 303

216 396 356 432 cionem
375 404 411 433 et
435 398 710 446 disposicionem
730 401 901 437 videlicet
927 402 972 437 de
997 401 1205 451 Dalmahoy
1230 403 1392 439 Haltoun
1412 404 1510 440 Platt
1529 411 1564 440 et
1584 404 1780 451 Bonytoun

214 464 402 502 alternatis
436 467 575 503 vicibus
610 468 657 503 ad
692 469 825 505 dietum
862 470 1049 505 dominum
1084 470 1268 507 Joannem
1297 472 1485 508 Forrester
1519 474 1671 509 heredes
1703 474 1782 508 suos

213 540 249 569 et
276 534 355 569 suos
383 535 598 572 successores
630 543 665 572 et
697 538 812 573 eciam
851 550 995 573 necnon
1024 544 1062 574 ut
1099 538 1189 574 alias
1224 541 1364 587 semper
1396 540 1548 576 eollacio
1581 542 1779 577 eorundem

214 602 314 637 iuxta
345 603 498 639 formam
528 605 670 640 vnionis
708 606 754 641 ad
792 619 857 641 nos
893 605 960 653 [et]
989 605 1204 641 successores
1242 607 1381 642 nostros
1417 609 1604 656 episcopos
1643 609 1779 646 sanai-

211 671 347 707 andree
376 672 542 708 volumus
573 673 640 721 [et]
671 674 902 710 decernimus
936 680 1111 722 perpetuo
1146 675 1332 721 pertinere
1357 696 1363 703 ·
1393 675 1630 722 Reliquorum
1659 684 1777 713 autem

210 740 483 787 capellanorum
526 748 562 776 ct
601 742 826 789 prepositure
864 742 948 777 dieti
991 741 1136 789 collegii
1177 743 1405 789 presentacio
1443 749 1478 778 et
1516 744 1701 792 disposicio
1734 747 1779 781 ad

209 807 342 843 disitum
377 808 563 843 dominum
600 809 784 844 Joannem
821 809 1011 845 Forrester
1044 810 1199 846 heredes
1236 812 1315 846 suos
1348 818 1383 847 et
1410 812 1625 848 successores
1653 814 1781 849 solum-

207 876 315 911 modo
334 876 571 923 pertinebunt
590 883 625 912 et
644 890 704 912 eas
732 878 964 913 decernimus
991 885 1169 926 perpetuo
1192 879 1378 926 pertinere
1399 901 1405 907 ·
1427 879 1584 928 Reliqua
1602 888 1722 917 autem
1743 883 1779 918 in

206 944 310 979 dieis
338 944 451 980 literis
478 945 685 992 apostolicis
713 951 887 981 contenta
914 946 1090 982 summum
1119 947 1284 982 volumus
1313 947 1380 995 [et]
1404 948 1635 985 decernimus
1662 952 1781 987 sortiri

205 1013 339 1048 debere
368 1013 535 1048 effoetum
565 1026 638 1048 non
671 1013 896 1049 obstantibus
929 1015 1094 1050 omnibus
1127 1020 1163 1050 et
1191 1016 1338 1061 singulis
1369 1029 1438 1063 que
1468 1017 1583 1052 dietus
1614 1019 1781 1055 dominus

205 1081 326 1117 noster
345 1094 439 1129 papa
458 1081 493 1116 in
513 1082 583 1117 suis
603 1081 720 1117 literis
739 1081 945 1129 apostolicis
966 1083 1079 1119 voluit
1100 1096 1173 1118 non
1193 1085 1335 1119 obstare
1356 1105 1362 1111 ·
1382 1084 1424 1119 In
1444 1098 1598 1132 quorum
1620 1089 1780 1124 omnium

205 1156 240 1185 et
260 1150 482 1197 singulorum
502 1151 608 1186 fidem
633 1157 668 1186 et
693 1150 938 1186 testimonium
967 1151 1217 1198 premissorum
1246 1154 1429 1200 presentes
1458 1154 1582 1190 literas
1604 1156 1674 1191 siue
1693 1158 1780 1204 pub-

205 1218 314 1254 licum
343 1219 625 1255 instrumentum
655 1219 857 1255 huiusmodi
892 1220 1054 1255 nostrum
1087 1221 1289 1267 processum
1320 1222 1357 1257 in
1386 1223 1420 1257 se
1449 1224 1679 1260 continentes
1709 1226 1780 1261 siue

205 1287 398 1322 continens
418 1300 481 1334 per
499 1287 682 1322 notarium
703 1287 887 1334 publicum
917 1288 1188 1335 infrascriptum
1214 1290 1320 1324 scribi
1342 1296 1376 1325 et
1395 1291 1574 1337 publicari
1595 1294 1782 1329 mandaui-

206 1368 283 1389 mus
304 1355 489 1402 nostrique
517 1355 621 1403 sigilli
650 1355 809 1391 iussimus
837 1362 871 1391 et
900 1356 1051 1391 fecimus
1080 1356 1296 1404 appensione
1325 1359 1541 1394 communiri
1561 1382 1566 1388 ·
1588 1360 1726 1397 Datum
1747 1370 1781 1398 et

207 1426 324 1458 nfitum
349 1424 445 1470 apud
475 1423 823 1460 Sanfftumandream
853 1425 914 1459 sub
942 1437 1038 1459 anno
1067 1424 1263 1460 Dominiee
1293 1425 1567 1463 Incarnacionis
1597 1429 1781 1466 millesimo

207 1491 564 1538 quadringentesimo
584 1492 860 1539 quadragesimo
879 1498 1009 1539 quarto
1030 1492 1237 1528 indiccione
1261 1497 1389 1530 ofitaua
1408 1501 1443 1530 et
1462 1496 1589 1531 mensis
1611 1496 1781 1534 O&obris

209 1560 267 1594 (lie
300 1560 501 1606 penultimo
533 1560 766 1607 pontificatus
798 1560 998 1595 sanaiffimi
1029 1561 1065 1595 in
1100 1560 1244 1597 Christo
1280 1563 1393 1609 patris
1425 1576 1466 1598 ac
1499 1564 1636 1600 domini
1669 1566 1781 1602 nostri

211 1628 368 1675 Eugenii
397 1628 523 1664 ‹liuina
551 1628 792 1675 prouidencia
822 1641 913 1676 pape
946 1630 1065 1676 quarti
1095 1643 1191 1665 anno
1224 1630 1364 1666 decimo
1395 1638 1525 1678 quarto
1554 1634 1781 1679 presentibus

210 1697 345 1732 ibidem
384 1697 652 1732 venerabilibus
689 1697 772 1732 viris
818 1697 966 1732 domino
1005 1697 1165 1745 Hugone
1203 1698 1385 1746 Kennedy
1424 1700 1602 1746 preposito
1640 1702 1779 1749 capelle

212 1765 310 1813 regie
345 1765 525 1813 magistris
556 1765 711 1801 Nicolao
743 1765 970 1802 Otterburne
1000 1766 1145 1802 officiali
1172 1766 1294 1801 nostro
1321 1767 1418 1803 infra
1444 1774 1563 1815 partes
1592 1768 1781 1806 Laudonie

212 1834 384 1869 Donaldo
405 1833 659 1882 M⁰Mylneron
679 1840 715 1869 et
734 1833 920 1869 Willelmo
940 1833 1052 1869 Clerk
1071 1834 1215 1882 publico
1235 1835 1377 1870 notario
1395 1835 1632 1872 familiaribus
1651 1838 1781 1874 nostris

214 1902 363 1937 testibus
380 1903 425 1937 ad
446 1901 611 1950 premissa
630 1901 834 1949 specialiter
853 1902 1001 1948 rogatis.

658 1970 705 2005 Et
737 1983 804 2017 ego
836 1969 1015 2005 Vilelmus
1049 1970 1093 2005 de
1128 1970 1240 2018 Boyis
1275 1970 1482 2018 [presbiter]
1521 1971 1781 2010 Sanaiandree

710 2038 860 2073 diocesis
896 2038 1062 2085 almoque
1100 2038 1343 2074 vniuersitatis
1375 2039 1534 2074 eiusdem
1569 2041 1781 2078 bedellanus

710 2106 876 2154 publicus
908 2106 1128 2142 authoritate
1161 2106 1340 2153 imperiali
1370 2107 1532 2142 notarius
1560 2109 1646 2155 quia
1673 2110 1782 2146 dicta-

707 2187 785 2209 rum
794 2174 982 2210 literarum
995 2174 1274 2222 apostolicarum
1287 2175 1549 2222 presentacioni
1561 2178 1782 2225 recepcioni-

709 2255 779 2289 que
793 2242 1038 2277 communium
1055 2241 1267 2278 limitacioni
1284 2249 1319 2278 et
1334 2243 1568 2291 assignaeioni
1583 2246 1782 2293 ceterisque

708 2309 882 2357 premissis
903 2310 1068 2345 omnibus
1095 2317 1130 2346 et
1150 2311 1296 2358 singulis
1316 2312 1400 2347 dum
1430 2312 1476 2348 sic
1496 2319 1534 2348 vt
1560 2314 1783 2360 premittitur

706 2390 771 2424 per
790 2378 926 2413 di&um
954 2389 1072 2413 meum
1093 2378 1299 2425 episcopum
1322 2385 1358 2414 et
1377 2379 1532 2415 iudicem
1560 2381 1691 2418 fierent
1713 2382 1780 2431 [et]

708 2451 903 2491 agerentur
924 2457 1076 2481 vnacum
1106 2447 1370 2494 prenominatis
1399 2447 1548 2484 testibus
1566 2450 1712 2496 presens
1731 2451 1783 2486 in-
