2147 2964
330 286 376 324 78
629 283 945 320 REGISTRUM
971 283 1229 321 ECCLESIE
1255 285 1597 324 COLLEGIATE

329 382 526 431 gentefimo
543 389 673 430 quarto
693 382 835 430 prefato
853 383 991 419 vicario
1011 383 1142 420 debitis
1162 392 1198 421 et
1216 385 1435 422 sufficienter
1453 386 1606 434 prolatis
1625 387 1719 423 faeno
1734 387 1898 436 primitus

331 451 470 487 calculo
490 451 580 486 iusto
601 451 884 487 ebdomidalium
911 452 1133 488 sarcinarum
1161 454 1362 489 carbonum
1390 459 1426 490 et
1451 455 1566 502 precii
1586 455 1784 491 earundem
1803 455 1899 491 idem

330 520 465 555 vicario
496 520 749 555 soluendarum
781 520 1123 568 condempnandum
1155 521 1233 557 fore
1265 528 1302 558 et
1331 523 1594 570 condempnari
1627 524 1761 559 debere
1791 529 1900 572 prout

329 589 635 637 condempnamus
666 589 874 635 diuumque
906 588 1094 624 Andream
1128 590 1172 625 de
1204 590 1355 638 reliquis
1385 591 1528 627 summis
1563 592 1602 627 in
1633 592 1758 628 libello
1790 591 1900 639 ipfius

329 658 456 693 vicarii
482 658 526 693 ab
554 670 596 693 eo
623 658 747 705 petitis
775 657 1034 693 absoluendum
1062 658 1140 694 fore
1167 665 1203 694 et
1230 659 1368 695 absolui
1394 660 1528 696 debere
1552 667 1662 708 prout
1681 660 1900 696 absoluimus

327 727 581 775 prefatumque
608 726 796 761 Andream
827 725 1083 761 nichilominus
1115 728 1161 763 ad
1193 728 1415 764 solucionem
1446 729 1647 765 huiusmodi
1676 729 1900 765 decimarum

330 799 528 834 carbonum
557 797 857 846 proueniencium
885 797 930 832 de
962 795 1167 832 huiusmodi
1199 796 1418 832 carbocidiis
1449 810 1471 832 a
1501 803 1663 845 tempore
1695 797 1899 832 huiusmodi

329 872 426 902 mote
452 866 525 901 litis
553 872 588 902 et
616 865 654 901 in
682 866 844 901 futurum
871 866 1069 901 secundum
1097 865 1396 901 consuetudinem
1424 866 1651 901 obseruatam
1675 871 1710 901 et
1737 865 1899 913 legitime

328 935 519 983 probatam
547 935 585 970 in
604 933 730 969 Disart
749 934 889 969 WVemis
917 939 953 970 et
980 934 1059 969 aliis
1087 933 1176 969 locis
1199 933 1349 969 diuersis
1375 933 1471 969 infra
1494 947 1648 982 regnum
1669 933 1795 969 Scocie
1816 947 1899 969 con-

329 1004 560 1053 dempnando
592 1003 780 1050 ipsumque
808 1002 997 1038 Andrean]
1028 1003 1065 1037 in
1098 1002 1261 1049 expensis
1290 1002 1328 1037 in
1356 1002 1421 1038 lite
1450 1002 1552 1038 faecis
1580 1009 1615 1038 et
1642 1003 1771 1038 fiendis
1798 1003 1901 1038 iuxta

330 1073 488 1108 nostram
521 1071 835 1107 modificacionem
868 1071 993 1107 eadem
1026 1070 1150 1106 nostra
1183 1070 1369 1106 sentencia
1402 1071 1714 1118 condempnantes
1745 1071 1900 1119 ipsarum

331 1148 453 1177 tamen
481 1141 719 1188 expensarum
748 1139 940 1175 taxacione
968 1139 1092 1174 nostro
1111 1138 1247 1174 iudicio
1274 1138 1505 1187 imposterum
1525 1140 1712 1176 reseruata
1731 1161 1738 1169 ·
1757 1140 1900 1188 presen-

331 1210 426 1246 tibus
453 1209 657 1244 subdecano
685 1206 845 1243 Roffenfi
874 1209 1016 1242 rectore
1045 1207 1090 1242 de
1120 1206 1260 1242 Tervat
1288 1207 1425 1242 vicario
1455 1207 1500 1242 de
1529 1207 1699 1243 Inchstur
1727 1208 1900 1244 Johanne

334 1277 512 1314 Carstaris
540 1276 688 1312 domino
715 1275 842 1310 Dauid
869 1275 1079 1323 Rinyhiane
1107 1274 1264 1309 dominis
1285 1274 1485 1310 Laurentio
1505 1275 1709 1310 Alexandri
1728 1276 1901 1311 Johanne

332 1346 458 1381 Mathe
486 1344 666 1392 magistris
686 1343 874 1380 Willelmo
901 1343 1060 1391 Barclay
1079 1342 1105 1378 J
1108 1343 1222 1378 acobo
1243 1342 1426 1378 Wischart
1447 1342 1662 1378 Alexandro
1685 1343 1839 1380 Martini
1867 1351 1902 1380 et

330 1414 493 1450 Roberto
511 1412 697 1449 Lawsone.

428 1482 454 1518 J
458 1481 619 1517 ohannes
638 1480 763 1515 Bonar
781 1479 898 1515 scriba
925 1479 1139 1515 officialatus
1161 1478 1424 1516 Sanfflandree
1451 1479 1665 1528 principalis
1691 1493 1801 1516 manu
1819 1493 1901 1528 pro-

478 1550 559 1598 pria
577 1548 793 1596 subscripsit.

333 1699 522 1736 Sententia
542 1698 729 1735 Craufurd
748 1703 877 1733 contra
896 1696 1143 1733 carbonarios.

333 1807 479 1862 Cmsrl
499 1823 646 1858 nomine
666 1822 836 1858 inuocato
855 1834 921 1856 nos
937 1820 1145 1857 Willelmus
1161 1819 1314 1855 Wawan
1333 1819 1370 1854 in
1389 1818 1546 1854 decretis
1564 1818 1780 1855 licenciatus
1795 1833 1900 1855 eano-

334 1893 436 1929 nicus
464 1906 506 1928 ac
533 1892 694 1927 officialis
723 1890 986 1928 Sanffiandree
1012 1889 1110 1924 infra
1135 1887 1473 1923 archidiaconatum
1491 1886 1680 1922 Laudonie
1707 1887 1815 1923 iudex
1833 1900 1901 1935 pro

336 1961 509 1997 tribunali
529 1960 694 1995 sedentes
721 1960 758 1994 in
786 1959 943 2006 quadam
972 1957 1077 1993 causa
1104 1968 1228 1992 coram
1254 1955 1358 1991 nobis
1385 1961 1484 1991 mota
1511 1960 1547 1990 et
1574 1955 1694 1991 adhue
1719 1956 1901 2003 pendente

336 2029 496 2064 indecisa
522 2029 618 2064 inter
643 2026 886 2064 venerabilem
915 2026 1033 2060 virum
1060 2024 1272 2071 magistrum
1291 2023 1492 2059 Patricium
1513 2023 1698 2059 Craufurd
1724 2026 1902 2059 rectorem

338 2097 383 2133 de
411 2096 683 2132 Aldhamstokis
712 2095 915 2131 firmarium
946 2101 981 2129 et
1010 2106 1053 2129 eo
1082 2092 1229 2128 nomine
1261 2092 1398 2127 vicarie
1429 2090 1579 2127 ecclesie
1607 2091 1827 2138 parochialis
1858 2093 1902 2127 de

341 2164 543 2199 Libertoun
579 2167 738 2199 a&orem
773 2163 818 2198 ab
854 2175 927 2197 vna
961 2167 997 2197 et
1032 2160 1232 2197 Patricium
1267 2159 1401 2207 Lowry
1431 2159 1639 2195 Johannem
1678 2158 1902 2207 Congiltoun

341 2231 548 2267 Johannem
577 2231 722 2278 Hering
748 2230 927 2266 seniorem
953 2229 1164 2265 Johannem
1190 2228 1401 2264 Patonsoun
1419 2227 1644 2263 Willelmum
1668 2227 1902 2275 Keringtoun

342 2298 467 2334 Dauid
485 2299 691 2335 Patonsoun
711 2298 735 2334 J
739 2298 920 2333 ohannem
940 2297 1106 2333 Wilsoun
1124 2296 1149 2332 J
1153 2296 1333 2332 ohannem
1353 2295 1499 2342 Hei-ing
1524 2294 1704 2329 iuniorem
1731 2301 1768 2330 et
1787 2294 1902 2331 Geor-

344 2366 444 2413 gium
473 2366 641 2415 Gothray
669 2371 908 2414 occupatores
939 2365 1194 2413 operariosque
1224 2370 1260 2401 et
1288 2363 1465 2399 commodi
1491 2368 1723 2410 perceptores
1749 2362 1903 2399 duarum

347 2433 665 2470 carbofodinarum
698 2435 742 2470 de
773 2434 1007 2470 Gilmertoun
1037 2432 1241 2469 iacencium
1271 2431 1369 2467 infra
1398 2429 1608 2478 parochiam
1636 2430 1681 2466 de
1703 2429 1904 2467 Libertoun
