2147 2964
147 646 179 681 9.

764 285 952 323 DOMUS
979 285 1050 321 DE
1079 284 1294 322 SOLTRE.
1790 288 1812 323 9

249 449 362 487 Carta
379 450 500 485 Florie
518 449 640 485 reli6te
660 450 841 496 quondam
862 450 943 485 Ade
964 449 1131 492 Quintini
1157 450 1201 485 de
1221 448 1423 485 donacione
1446 454 1625 484 terrarum
1645 448 1690 484 de
1710 447 1808 484 Wel-

246 518 309 553 flat
328 518 363 553 in
382 517 566 553 territorio
586 517 630 552 de
646 517 884 564 Lympctlaw.

246 631 449 683 Vniuersis
467 646 588 682 san&e
614 646 740 682 matris
759 646 908 681 ecclesie
925 646 1008 680 filiis
1029 646 1230 693 presentem
1250 652 1389 682 cartam
1409 647 1534 682 visuris
1555 647 1612 682 vel
1631 647 1807 683 audituris

244 714 370 750 Fluria
396 714 522 750 relieta
547 714 729 761 quondam
754 713 889 749 domini
909 713 993 748 Ade
1014 712 1183 755 Quintini
1208 714 1357 749 salutem
1385 714 1422 749 in
1442 714 1601 750 Domino
1626 715 1807 762 sempiter-

244 795 326 817 nam
345 801 353 809 ·
372 781 562 817 Noueritis
589 794 645 816 me
673 781 708 816 in
735 794 816 816 mea
842 781 958 816 libera
984 781 1162 828 potestate
1190 787 1225 817 et
1244 782 1420 818 viduitate
1439 783 1563 818 diuine
1590 783 1737 830 pietatis
1756 783 1806 817 in-

244 849 335 885 tuitu
355 862 396 885 ac
414 862 481 897 pro
501 849 613 885 salute
641 849 759 884 anime
787 861 866 884 mee
893 854 929 884 et
956 849 1216 884 antecessorum
1243 863 1406 885 meorum
1432 863 1576 886 necnon
1604 863 1671 898 pro
1694 851 1807 886 salute

243 918 376 953 domini
391 918 474 953 Ade
488 917 607 953 mariti
625 917 694 952 mei
713 917 872 952 defunffi
892 922 928 952 et
946 917 1121 952 heredum
1138 930 1299 953 meorum
1316 918 1449 954 dedisse
1469 918 1670 954 eonceffiffe
1690 924 1726 954 et.
1739 918 1807 954 hac

242 986 399 1034 presenti
418 992 520 1021 carta
537 998 618 1021 mea
636 985 858 1021 confirmasse
877 985 960 1020 Deo
987 991 1023 1021 et
1050 985 1171 1020 domui
1199 986 1244 1021 de
1274 985 1393 1022 Soltre
1421 993 1456 1023 et
1483 987 1655 1023 fratribus
1673 987 1806 1023 ibidem

242 1053 325 1089 Deo
344 1053 582 1089 seruientibus
610 1059 646 1088 et
672 1053 936 1101 imperpetuum
964 1052 1148 1088 seruituris
1176 1059 1288 1089 totam
1307 1060 1442 1090 terram
1462 1055 1560 1090 illam
1579 1055 1751 1090 arabilem
1771 1055 1806 1090 in

243 1127 450 1157 tenemento
481 1122 526 1157 de
556 1120 780 1168 Lempetlaw
811 1134 880 1169 que
912 1127 1064 1157 vocatur
1097 1121 1281 1157 Welleflat
1313 1136 1394 1158 eum
1427 1124 1517 1158 tofto
1549 1131 1585 1159 et
1617 1124 1734 1159 crofto
1762 1125 1807 1159 ad

243 1190 396 1225 eandem
415 1196 549 1225 terram
569 1190 810 1236 speecantibus
828 1210 836 1217 -
855 1203 925 1237 que
944 1190 1090 1237 quidem
1109 1195 1209 1225 terra
1227 1203 1307 1226 cum
1335 1191 1425 1226 tofto
1445 1197 1480 1226 et
1499 1192 1616 1227 crofto
1635 1192 1703 1227 fuit
1720 1192 1807 1231 mihi

243 1270 308 1305 per
327 1258 512 1292 dominum
531 1257 730 1292 Ricardum
752 1257 905 1293 Germin
923 1258 1071 1293 nomine
1090 1258 1334 1306 quadraginta
1355 1272 1560 1295 marcarum
1579 1259 1754 1308 assignata
1772 1266 1808 1295 et

242 1326 444 1361 deliberata
461 1345 468 1352 ·
489 1324 704 1360 Tenendam
723 1331 758 1360 et
782 1325 986 1360 habendam
1005 1324 1108 1359 dietis
1134 1325 1308 1361 fratribus
1335 1332 1370 1362 et
1398 1327 1653 1363 successoribus
1673 1328 1743 1363 suis
1762 1328 1806 1363 de

242 1406 299 1428 me
319 1399 355 1428 et
373 1393 569 1428 heredibus
595 1392 684 1427 meis
710 1392 748 1427 in
774 1392 926 1427 liberam
952 1405 1080 1439 puram
1108 1398 1143 1428 et
1171 1400 1385 1441 perpetuam
1405 1395 1623 1431 elimosinam
1644 1396 1752 1443 plene
1771 1402 1807 1431 et

242 1461 385 1508 integre
415 1459 487 1496 sine
516 1460 636 1506 aliquo
668 1466 920 1495 retenemento
951 1460 1106 1495 interius
1135 1466 1170 1495 et
1199 1461 1358 1496 exterius
1388 1475 1469 1497 cum
1498 1463 1663 1498 omnibus
1693 1463 1806 1511 aysia-

243 1528 374 1563 mentis
393 1528 440 1563 ad
458 1527 590 1563 distam
610 1534 745 1562 terram
764 1527 1030 1574 pertinentibus
1052 1528 1108 1563 vel
1133 1528 1317 1576 pertinere
1336 1529 1538 1565 valentibus
1557 1530 1689 1576 absque
1709 1531 1805 1566 omni

243 1595 437 1631 exaccione
469 1602 505 1631 et
536 1595 716 1630 demanda
746 1595 941 1630 secundum
974 1599 1140 1630 tenorem
1171 1596 1402 1632 instrumenti
1431 1597 1519 1632 mihi
1548 1603 1584 1633 et
1611 1597 1806 1633 heredibus

242 1663 331 1698 meis
358 1676 379 1698 a
406 1663 553 1698 domino
573 1663 732 1698 Ricardo
752 1663 904 1697 Germin
932 1662 1055 1698 collati
1074 1684 1081 1691 ·
1105 1663 1152 1699 Et
1177 1664 1201 1699 fi
1229 1665 1418 1713 contingat
1445 1665 1566 1712 aliquo
1594 1666 1677 1701 casu
1704 1679 1804 1702 acce—

243 1731 352 1767 dente
370 1731 469 1778 quod
487 1731 576 1766 absit
594 1743 650 1766 me
670 1730 728 1766 vel
753 1730 906 1765 heredes
933 1743 1032 1765 meos
1056 1731 1185 1767 diet-am
1214 1738 1349 1769 terram
1374 1746 1454 1768 cum
1476 1733 1712 1782 pertinenciis
1730 1747 1803 1769 non

242 1798 336 1847 posse
364 1799 601 1834 warantizare
628 1798 711 1834 volo
737 1811 803 1846 pro
829 1811 887 1833 me
915 1804 951 1833 et
974 1798 1166 1835 heredibus
1193 1800 1280 1836 meis
1307 1801 1405 1847 quod
1432 1802 1476 1837 de
1503 1801 1706 1837 hereditate
1724 1814 1805 1838 mea

243 1878 349 1913 quam
367 1866 484 1902 habeo
511 1867 549 1902 in
577 1867 703 1902 eadem
725 1865 810 1901 villa
829 1865 886 1900 vel
913 1865 998 1901 alibi
1026 1867 1071 1901 ad
1097 1867 1300 1903 vitilitatem
1328 1868 1502 1903 didmrum
1530 1869 1682 1904 fratrum
1703 1875 1805 1905 tanta

243 1941 343 1970 terra
367 1935 462 1969 diae
490 1934 613 1969 domui
639 1946 705 1981 per
731 1946 789 1969 me
817 1934 875 1969 vel
901 1933 1055 1970 heredes
1081 1947 1179 1970 meos
1211 1936 1247 1970 in
1278 1937 1479 1972 continenti
1511 1938 1720 1973 conferatur
1748 1938 1804 1973 vel

243 2014 339 2049 pena
364 2002 579 2049 pecuniaria
603 2014 670 2048 pro
698 2014 770 2048 qua
796 2001 893 2036 dicta
918 2007 1017 2037 terra
1043 2002 1130 2037 mihi
1157 2009 1194 2038 et
1219 2003 1414 2039 heredibus
1438 2004 1526 2039 meis
1544 2004 1613 2040 fuit
1631 2005 1805 2052 assignata

245 2070 414 2105 videlieet
444 2069 688 2116 quadraginta
718 2081 839 2103 marce
878 2069 1085 2105 memoratis
1128 2070 1301 2106 fratribus
1342 2071 1571 2118 persoluatur
1606 2073 1652 2108 ad
1687 2073 1802 2109 diuini

245 2137 363 2173 cultus
392 2137 692 2173 sustentaeionem
720 2136 757 2171 in
784 2136 892 2171 domo
918 2136 1174 2183 prenominata
1199 2157 1206 2166 ·
1229 2137 1309 2184 Ego
1336 2144 1456 2174 autem
1483 2144 1518 2174 et
1551 2139 1703 2176 heredes
1734 2142 1804 2177 mei

245 2205 367 2240 omnia
385 2210 421 2241 et
447 2204 587 2251 singula
613 2204 648 2239 in
673 2204 830 2251 presenti
858 2210 959 2239 carta
986 2209 1158 2240 contenta
1184 2205 1461 2253 adimplebimus
1488 2208 1804 2244 warantizabimus

245 2279 282 2309 et
316 2273 551 2309 defendemus
588 2278 716 2308 contra
751 2284 876 2307 omnes
911 2271 1174 2319 imperpetuum
1210 2293 1218 2300 ·
1256 2272 1298 2307 In
1334 2273 1436 2308 cuius
1471 2273 1524 2309 rei
1561 2275 1803 2312 testimonium

247 2341 389 2388 presens
425 2341 597 2388 seriptum
633 2340 737 2387 sigilli
772 2339 842 2374 mei
886 2339 1084 2374 munimine
1126 2340 1296 2376 roboraui
1316 2361 1323 2369 ·
1346 2341 1414 2376 hiis
1449 2341 1597 2377 testibus
1632 2343 1804 2390 magistro

246 2407 417 2443 Johanne
445 2408 491 2444 de
519 2407 771 2455 Muskilburgh
805 2407 948 2442 officiali
977 2406 1169 2443 Tevidalie
1198 2407 1369 2456 magistro
1399 2408 1559 2445 Ricardo
1587 2411 1632 2446 de
1652 2411 1805 2449 Vittona

1019 2486 1039 2509 B
