2147 2964
132 747 199 779 125

120 1985 190 2022 126

566 312 778 349 SANCTE
807 311 1121 348 TRINITATIS
1148 312 1218 348 DE
1245 311 1582 350 EDINBURGH.
1772 319 1840 355 149

270 407 353 455 [etc.
375 415 414 444 ut
433 410 539 456 supra
559 410 630 446 No.
652 411 714 458 76]
736 412 792 446 for
814 415 858 451 19
880 411 992 459 yeiris
1019 411 1136 446 entrie
1164 418 1200 446 at
1220 410 1372 447 Beltane
1396 415 1488 447 1584
1509 433 1516 440 -
1540 412 1689 460 Payand
1707 414 1838 462 yeirlie

269 476 354 524 [etc.
385 484 423 512 ut
452 478 574 526 supra]
597 500 603 507 ·
624 492 662 514 as
696 479 880 526 vmquhile
911 479 1037 515 James
1071 479 1215 514 Colwill
1243 480 1283 515 of
1309 480 1385 515 Eist
1416 480 1563 516 XVemes
1595 480 1736 529 knycht
1765 483 1837 518 and

264 545 490 593 grandschyr
509 553 546 581 to
565 547 626 582 the
646 547 720 582 said
739 546 864 582 James
896 546 1019 581 brukit
1048 546 1107 581 the
1131 548 1255 594 samyn
1276 548 1315 582 of
1338 549 1461 584 before
1481 577 1488 584 .
1510 549 1578 584 Att
1597 549 1657 585 the
1679 550 1836 586 Trinitie

267 613 418 660 College
438 616 485 648 20
504 614 712 650 December
736 618 840 649 1583.

266 732 416 788 MAffls
426 760 493 784 ren
514 748 696 785 Robertus
716 750 811 784 Pont
839 749 1038 796 prepositus
1064 756 1099 785 et
1126 751 1360 798 prebendarii
1380 752 1596 787 confirmant
1616 759 1754 789 cartam
1774 756 1835 790 sub

262 816 331 852 hac
351 816 468 852 forma
485 837 492 844 ·
511 816 718 853 JOHANNES
740 818 842 865 Pedy
861 817 956 853 filius
984 824 1020 853 et
1047 818 1152 854 lieres
1176 831 1354 866 apparens
1375 818 1526 867 Georgii
1547 820 1650 869 Pedy
1673 822 1835 858 naucleri

230 929 237 932 Α
261 884 381 919 incole
397 885 482 920 ville
502 885 547 920 de
562 885 669 921 Leith
689 898 734 920 ex
753 892 857 933 parte
877 885 1026 921 australi
1045 899 1138 933 aque
1157 887 1313 922 eiusdem
1336 887 1461 922 vendit
1477 887 1618 923 Thome
1636 888 1834 925 Cokburne

261 953 407 989 domino
427 955 472 989 de
488 954 657 990 Newhall
677 954 901 990 hereditarie
917 955 988 990 duo
1009 960 1218 990 tenementa
1235 960 1415 990 terrarum
1437 956 1608 1004 contigue
1628 957 1835 994 adiacentia

259 1035 342 1057 cum
375 1030 480 1070 porta
512 1023 697 1059 anteriore
729 1024 928 1059 eorundem
958 1023 996 1058 in
1024 1023 1119 1059 dicta
1147 1023 1234 1058 villa
1262 1024 1299 1058 in
1327 1024 1501 1059 barronia
1527 1025 1572 1060 ‹le
1593 1024 1774 1073 Restalrig
1798 1033 1832 1062 et

261 1091 515 1127 vicecomitatu
543 1093 588 1128 de
616 1092 829 1127 Edinburch
858 1092 954 1127 inter
981 1099 1116 1128 terram
1146 1092 1330 1139 quondam
1358 1092 1509 1128 Patricii
1540 1092 1655 1129 Clark
1685 1093 1769 1142 [etc.
1795 1102 1833 1130 ut

258 1161 366 1207 supra
381 1160 453 1196 No.
474 1160 512 1208 9]
535 1173 602 1208 pro
622 1161 779 1207 quadam
799 1162 935 1196 summa
953 1160 1110 1208 pecunie
1126 1181 1133 1188 -
1150 1160 1354 1196 Reddendo
1373 1160 1562 1196 annuatim
1587 1164 1628 1196 14
1644 1175 1669 1197 s,
1686 1169 1831 1198 monete

257 1229 399 1264 scotie·
416 1242 560 1264 necnon
580 1229 781 1265 releuando
800 1229 959 1277 prefatos
978 1228 1063 1276 [etc.
1082 1235 1119 1264 ut
1135 1229 1242 1276 supra
1258 1228 1329 1263 No.
1351 1229 1413 1276 73]
1432 1250 1438 1257 -
1456 1229 1553 1264 saluo
1570 1229 1668 1266 vitali
1685 1231 1830 1267 redditu

258 1298 352 1332 difiw
386 1297 550 1345 Georgio
587 1297 690 1345 Pedy
721 1304 757 1332 et
790 1297 949 1332 Beat1·ici
987 1296 1187 1333 Cokburne
1224 1296 1300 1331 eius
1336 1296 1460 1343 sponse
1496 1298 1709 1344 parentibus
1743 1299 1830 1335 distri

256 1366 413 1401 ‹Ioanuis
433 1386 440 1393 ·
460 1367 572 1414 Apud
605 1365 820 1401 Edinburch
853 1368 875 1399 3
904 1364 1122 1400 Decembris
1153 1367 1247 1399 1583
1283 1376 1405 1399 coram
1437 1363 1622 1400 Willelmo
1656 1365 1829 1415 Quliippo

256 1435 300 1469 de
321 1434 477 1482 Kydlaw
495 1434 521 1469 J
525 1434 639 1469 acobo
662 1433 830 1470 Custarte
859 1433 978 1468 scriba
997 1431 1161 1479 Georgio
1182 1431 1343 1478 Tempill
1369 1432 1546 1467 seruitore
1574 1433 1659 1468 dieti
1686 1433 1827 1470 Thome

254 1502 397 1538 Jacobo
428 1501 610 1538 Ochiltrie
641 1514 711 1536 vno
743 1501 993 1537 feriandorum
1024 1499 1131 1544 burgi
1163 1500 1207 1534 de
1241 1499 1453 1535 Edinburch
1486 1500 1631 1536 Joanne
1659 1502 1825 1538 Riobeson

255 1571 372 1606 scriba
399 1577 435 1606 et
453 1570 594 1606 Jacobo
622 1570 771 1617 Logane
800 1569 943 1604 notario
972 1581 1053 1604 cum
1081 1568 1161 1603 aliis
1180 1588 1187 1594 ·
1209 1566 1455 1603 confirmacio
1484 1569 1571 1604 data
1598 1570 1692 1618 apud
1713 1570 1825 1606 Edin-

255 1639 368 1675 burch
402 1643 445 1674 15
469 1639 638 1675 Januarii
664 1642 757 1674 1583
789 1650 911 1673 coram
944 1636 1115 1684 magistro
1145 1635 1308 1683 Georgio
1341 1635 1518 1671 Makeson
1550 1637 1667 1673 scriba
1697 1638 1823 1686 figueti

254 1708 349 1755 regis
379 1708 540 1743 Patricio
570 1707 674 1754 Logy
706 1706 880 1742 seruitore
912 1705 1084 1752 prepositi
1114 1704 1260 1740 Joanne
1293 1704 1460 1739 Robeson
1489 1705 1664 1741 seruitore
1692 1706 1823 1743 Jacobi

254 1775 404 1823 Logane
420 1775 553 1811 notarii
567 1788 609 1810 ac
625 1775 827 1810 communis
843 1773 967 1809 clerici
982 1773 1088 1820 burgi
1103 1771 1453 1807 Vicicanonicorum
1468 1772 1673 1824 monasterii
1692 1773 1822 1812 saneto

256 1843 387 1880 Crucis
406 1856 520 1891 prope
540 1842 772 1889 Ediuburgh.

254 1963 380 2016 Ilm-:M
400 1978 600 2027 prepofitus
620 1986 655 2014 et
673 1978 907 2026 prebendarii
928 1979 1145 2013 confirmant
1163 1983 1301 2012 cartam
1323 1978 1384 2012 sub
1403 1977 1472 2013 hac
1491 1979 1608 2014 forma
1626 1999 1632 2005 ·
1653 1978 1820 2016 Tuonus

256 2046 456 2083 Cokburne
470 2047 516 2082 de
532 2046 702 2082 Newhall
716 2046 882 2081 dominus
899 2045 1120 2081 feodatarius
1137 2050 1427 2080 tenementorum
1446 2051 1626 2082 terrarum
1645 2047 1819 2096 subscrip·

254 2122 372 2150 torum
394 2115 519 2150 vendit
538 2115 634 2150 dieto
653 2114 814 2162 Georgio
833 2113 935 2161 Pedy
954 2113 1052 2148 dieta
1071 2114 1142 2148 duo
1162 2119 1372 2149 tenementa
1397 2126 1479 2149 cum
1498 2121 1604 2162 porta
1622 2129 1692 2163 que
1711 2116 1819 2153 habet

254 2196 298 2218 ex
318 2183 516 2230 conquestu
536 2184 580 2218 ab
599 2182 745 2218 Joanne
762 2182 838 2217 filio
866 2188 902 2217 et
928 2181 1063 2217 herede
1081 2181 1166 2216 dieti
1187 2181 1340 2229 Georgii
1367 2181 1525 2218 iacentia
1549 2182 1634 2230 [etc.
1656 2190 1694 2220 ut
1712 2184 1819 2232 supra

255 2252 326 2288 No.
347 2252 386 2300 9]
407 2264 474 2299 pro
494 2251 651 2299 quadam
670 2250 808 2285 summa
825 2249 978 2298 pecunie
998 2270 1005 2277 -
1026 2249 1229 2285 Reddendo
1251 2253 1296 2285 14
1307 2262 1332 2286 S.
1361 2256 1506 2286 monete
1527 2250 1649 2287 Scotie
1672 2251 1757 2300 [etc.
1780 2260 1817 2289 ut

254 2321 361 2367 supra
373 2319 409 2355 N
413 2332 443 2354 0.
458 2318 521 2367 73]
538 2340 545 2347 ·
559 2319 670 2366 Apud
685 2317 900 2353 Edinbureh
918 2320 960 2352 14
982 2317 1196 2353 Decembris
1218 2320 1312 2353 1583
1332 2330 1451 2354 coram
1468 2318 1630 2355 Roberto
1645 2319 1815 2357 Weddall

254 2387 417 2423 Roberto
452 2387 663 2434 Runsyman
701 2386 936 2421 sernitoribus
972 2385 1110 2420 domini
1145 2385 1190 2420 de
1229 2385 1357 2420 Yestar
1389 2386 1542 2422 Andrea
1577 2387 1712 2424 Cowtis
1745 2402 1815 2425 vno

253 2457 503 2494 feriandorum
529 2454 731 2503 regalitatis
761 2454 805 2489 de
836 2453 1098 2501 Halyrudhous
1128 2459 1163 2489 et
1189 2452 1335 2489 Joanne
1363 2453 1566 2496 Robertson
1594 2456 1710 2492 scriba
1732 2470 1813 2494 cum
