2147 2964
93 962 162 998 149

506 312 717 349 SANCTE
747 312 1064 349 TRINITATIS
1090 312 1162 349 DE
1190 312 1524 350 EDINBURGH.
1735 315 1802 356 167

328 410 477 448 Summa
503 412 741 459 expensarum
771 412 846 447 lviii
859 412 895 447 li.
926 412 1005 448 iiis.
1026 412 1077 447 iiii
1092 413 1126 448 d.
1148 419 1184 448 et
1205 412 1253 448 fic
1279 413 1635 460 superexposuerunt
1654 426 1802 462 compu-

375 486 493 515 tantes
512 481 628 515 xxxiii
643 494 671 515 s.
691 481 741 515 iiii
756 481 791 516 d.

274 546 481 583 Mixmsress
500 548 707 583 JOHANNES
730 548 863 583 BRADY
889 548 1046 595 preposi-
1114 548 1288 584 JACOBUS
1311 548 1480 585 Cim-ima
1501 562 1611 585 manu
1630 551 1778 598 propria

326 622 382 650 tus
402 628 511 650 manu
531 615 681 662 propria
1116 616 1324 652 Romzwrus
1346 616 1478 651 Butam
1499 630 1608 652 manu
1627 619 1773 665 propria

276 683 479 719 HEchus
498 683 760 719 HADmNToUN
779 696 889 719 manu
904 684 1053 731 propria
1113 683 1245 719 Dxmn
1267 684 1414 720 Os‘ruzN
1437 697 1547 720 manu
1567 687 1713 732 propria

274 753 440 789 THOMAS
464 753 658 789 lVA‘rSOUN
681 766 791 788 manu
810 753 960 800 propria
1114 751 1279 787 TquAs
1303 752 1416 788 GULD
1437 765 1548 789 manu
1566 754 1724 801 propria.

225 942 461 996 COMPOTUM
491 958 654 1006 magistri
681 958 865 994 Johannis
893 957 1016 1004 Brady
1047 956 1220 1004 prepositi
1253 957 1336 992 dicti
1371 958 1517 1005 collegii
1544 958 1677 994 fastum
1706 961 1803 1006 apud

224 1027 359 1063 dictum
379 1027 572 1075 collegium
593 1040 690 1062 anno
709 1028 831 1063 mense
843 1033 879 1062 et
898 1027 956 1061 die
976 1026 1107 1072 quibus
1126 1027 1233 1072 l'upra
1261 1026 1366 1073 super
1394 1038 1459 1072 per
1480 1038 1561 1060 eum
1582 1027 1740 1074 receptis
1759 1028 1803 1063 de

224 1096 332 1132 terris
361 1096 556 1143 Lumphoy
588 1095 622 1131 le
655 1095 734 1131 Hill
765 1102 801 1131 et
833 1094 1011 1143 Ballyrno
1035 1094 1080 1129 de
1116 1093 1283 1129 terminis
1316 1093 1578 1130 Penthecostes
1610 1101 1645 1131 et
1680 1095 1802 1132 Sanai

224 1164 378 1200 Martini
405 1165 577 1212 predictis
605 1165 778 1200 videlicet
806 1164 896 1199 xxii⁰
925 1164 983 1199 die
1010 1162 1141 1198 menfis
1170 1162 1392 1198 Nouembris
1413 1176 1509 1198 anno
1529 1163 1682 1200 Domini
1703 1169 1751 1201 m⁰
1770 1169 1804 1200 ve

224 1234 441 1269 duodecimo
459 1246 582 1269 coram
602 1232 857 1280 prebendariis
876 1231 1095 1279 subscriptis,

223 1301 268 1336 In
286 1301 412 1349 primis
432 1308 560 1336 onerat
580 1302 613 1336 se
635 1314 716 1336 cum
736 1301 838 1336 xxiiii
851 1301 889 1336 li.
910 1301 1014 1335 xiiis.
1036 1299 1083 1334 iiii
1097 1299 1130 1334 d.
1155 1298 1304 1335 Summa
1322 1305 1435 1347 patet.

224 1369 393 1417 Expense
423 1369 582 1405 eiusdem
606 1389 613 1395 ·
633 1369 855 1404 Allocantur
885 1367 1112 1415 computanti
1140 1380 1206 1414 pro
1235 1367 1376 1403 duobus
1404 1369 1528 1414 pueris
1556 1369 1682 1405 decem
1711 1371 1801 1407 libre

223 1437 311 1473 alias
331 1437 401 1472 xli.
456 1437 548 1473 Item
577 1437 624 1472 ad
651 1437 863 1485 suplendum
883 1436 1063 1472 defectum
1093 1436 1328 1471 collectorum
1356 1436 1392 1470 in
1414 1436 1658 1474 deauracione
1678 1440 1801 1475 calicis

223 1506 262 1541 iii
276 1506 312 1541 li.
368 1505 461 1542 Item
491 1506 673 1541 vitriatori
704 1506 820 1541 xiiiis.
874 1505 967 1541 Item
997 1517 1064 1551 pro
1091 1504 1293 1539 duodecem
1321 1504 1352 1539 le
1383 1505 1561 1540 raclateris
1593 1512 1629 1541 et
1656 1507 1800 1543 scissura

223 1587 303 1609 cum
333 1574 548 1621 portacione
579 1587 600 1608 a
627 1573 752 1609 Leitht
779 1574 825 1609 ad
853 1572 1057 1620 campanile
1085 1572 1198 1608 xviis.
1230 1572 1341 1607 viiid.
1396 1572 1489 1608 Item
1517 1574 1733 1611 Alexandro
1764 1583 1799 1611 et

222 1642 303 1676 aliis
336 1641 603 1677 laboratoribus
632 1642 727 1676 infra
759 1647 899 1689 tempus
927 1640 1084 1688 compoti
1112 1640 1230 1675 xiiiis.
1285 1640 1379 1676 Item
1407 1641 1569 1677 Patricio
1598 1643 1798 1680 Akinhede

222 1722 289 1757 pro
308 1709 496 1745 seraeione
515 1716 620 1756 porte
639 1722 661 1744 x
675 1722 702 1744 s.
757 1709 849 1745 Item
871 1709 1019 1744 domino
1038 1708 1202 1744 Johanni
1221 1708 1388 1744 Wilsoun
1407 1722 1474 1756 pro
1493 1712 1797 1757 augmentacione

224 1778 275 1813 sui
303 1778 448 1813 seruicii
475 1778 573 1813 xxxii
588 1790 615 1812 s.
669 1777 762 1813 Item
790 1790 857 1824 pro
886 1777 986 1812 calce
1013 1782 1049 1812 et
1076 1783 1175 1812 terra
1202 1783 1331 1812 tenace
1352 1777 1441 1813 viis.
1462 1778 1531 1813 xd,
1585 1780 1679 1814 Item
1698 1779 1796 1816 Mar-

224 1853 328 1894 grete
349 1846 505 1894 Ramsay
531 1858 598 1893 pro
625 1845 768 1881 locione
796 1852 832 1881 et
859 1845 1119 1881 emendacione
1147 1845 1192 1880 de
1220 1845 1251 1880 le
1278 1846 1480 1893 courtingis
1502 1859 1561 1882 vs.
1615 1847 1707 1883 Item
1726 1848 1797 1884 ser·

224 1915 334 1950 iando
353 1915 399 1950 de
415 1914 609 1961 Lumphoy
625 1927 647 1949 α
665 1914 771 1949 mark
790 1914 961 1949 videlicet
980 1913 1080 1948 xiiis.
1101 1913 1154 1948 iiii
1166 1914 1201 1948 d.
1256 1913 1347 1949 Item
1367 1920 1524 1960 quatuor
1542 1915 1794 1962 prebendariis

223 1983 268 2018 de
290 1981 514 2030 Ormystoun
538 1982 585 2017 ad
613 1982 899 2029 supportandum
927 1989 963 2017 et
990 1981 1228 2017 releuandum
1258 1995 1318 2017 eos
1347 1982 1391 2017 de
1419 1983 1618 2018 duodecem
1640 1984 1797 2031 Estland

223 2052 342 2087 bardis
370 2063 436 2098 pro
465 2063 536 2086 vna
566 2050 729 2086 celatura
757 2052 850 2086 faaa
881 2051 919 2085 in
951 2049 1100 2086 ecclelia
1127 2050 1172 2085 de
1202 2050 1427 2098 Ormystoun
1455 2051 1508 2086 iiii
1520 2051 1557 2086 li.
1612 2051 1705 2088 Item
1734 2055 1791 2089 sex

222 2119 315 2155 fialis
334 2119 482 2154 mutatis
501 2124 536 2154 et
555 2119 593 2154 in
613 2119 802 2154 excambio
821 2119 943 2166 positis
963 2132 983 2154 v
997 2132 1020 2154 s.
1076 2118 1170 2153 Item
1197 2131 1264 2165 pro
1292 2118 1414 2165 legina
1436 2119 1577 2155 seruisse
1597 2126 1632 2156 et
1651 2121 1792 2158 duobus

223 2188 378 2235 panibus
396 2187 459 2222 iis.

323 2255 470 2292 Summa
506 2255 744 2302 expensarum
776 2254 866 2290 xxiii
880 2255 918 2290 li.
955 2261 991 2290 et
1026 2255 1245 2291 allocabitur
1277 2255 1339 2291 fibi
1371 2257 1415 2292 de
1445 2256 1722 2305 superexpositis
1753 2260 1788 2294 in

374 2324 499 2360 vltimo
528 2330 694 2373 compoto
722 2324 866 2359 reddito
894 2323 990 2371 apud
1017 2324 1151 2359 dictum
1181 2324 1373 2371 collegium
1407 2325 1465 2360 dic
1496 2325 1697 2372 penultimo
1726 2326 1791 2363 Ja-

372 2392 490 2428 nuarii
505 2405 602 2428 anno
618 2392 769 2428 Domini
787 2396 836 2427 m⁰
852 2397 885 2427 vc
900 2392 1091 2427 vndecimo
1111 2392 1155 2427 de
1175 2393 1264 2428 xxix
1277 2392 1313 2428 li.
1332 2393 1420 2428 viis.
1434 2393 1489 2429 iiii
1501 2394 1536 2429 d.
1589 2394 1676 2430 Non
1695 2394 1789 2432 redie

372 2461 567 2496 calculatur
586 2482 593 2489 ·
613 2462 711 2496 debet
729 2462 795 2508 effe
812 2461 936 2496 ,cxxiii
950 2461 984 2495 li.
1005 2461 1046 2495 iii
1055 2473 1082 2495 s.
1103 2461 1145 2495 iii
1157 2461 1189 2495 cl.
