2147 2964
220 668 276 699 43.

331 300 378 336 :36
795 295 861 331 RE
867 292 1112 331 GISTRUM
1140 290 1444 329 CARTARUM

333 478 612 525 Transcriptum
633 475 811 512 Willclmi
837 473 997 522 episcopi
1020 472 1283 509 Sanffiandree
1302 472 1347 507 de
1366 469 1573 519 priuilegiis
1593 468 1766 505 concessis
1786 466 1910 503 domui

332 549 377 584 de
397 547 517 584 Soltre
536 559 602 594 per
622 544 810 580 dominum
834 542 1058 591 Gregorium
1078 553 1210 589 papam
1230 552 1381 575 nonum.

337 651 533 707 Omnibus
557 667 677 702 sanese
704 664 831 700 matris
859 662 1009 699 ecclesie
1027 661 1112 697 filiis
1132 661 1178 696 ad
1198 673 1288 708 quos
1306 660 1493 707 presentes
1511 659 1752 706 peruenerint
1771 658 1912 694 Willel-

335 749 414 772 mus
449 734 686 771 miseracione
723 732 850 767 diuina
893 730 1042 767 ecclesie
1080 729 1343 766 Sanctiandree
1379 727 1544 763 minister
1580 727 1727 763 humilis
1762 728 1912 763 salutem

335 805 497 853 graciam
517 809 553 839 et
570 801 870 838 benediccionem
891 799 1054 835 diuinam
1071 820 1077 827 ·
1095 797 1287 833 Noneritis
1306 810 1373 832 nos
1393 797 1550 844 quedam
1569 796 1766 844 priuilegia
1785 796 1914 831 domus

336 875 381 910 de
411 873 530 910 Soltre
559 885 580 907 a
607 871 755 906 domino
784 881 880 916 papa
909 867 1092 915 Gregorio
1124 879 1222 901 nono
1251 866 1370 901 eidem
1390 865 1514 900 domui
1543 864 1708 900 concessa
1726 863 1915 910 inspexiss‘e

336 955 492 990 quorum
519 947 626 976 tenor
653 938 735 974 talis
763 937 813 973 est
835 965 842 972 .
864 936 1069 984 Gregorius
1097 935 1285 982 episcopus
1314 935 1438 969 seruus
1466 933 1654 969 seruorum
1673 933 1746 968 Dei
1773 932 1915 968 dilectis

335 1011 419 1046 filiis
440 1009 610 1057 magistro
630 1013 665 1042 et
683 1006 857 1042 fratribus
877 1006 921 1040 de
953 1004 1071 1040 Soltre
1091 1010 1164 1039 tam
1184 1002 1409 1050 presentibus
1429 1015 1538 1049 quam
1558 1001 1690 1037 futuris
1706 1001 1913 1048 regularem

338 1080 449 1115 vitam
478 1076 641 1125 profeflis
673 1075 822 1111 salutem
856 1080 892 1109 et
923 1072 1158 1120 apostolicam
1187 1071 1490 1107 benediccionem
1518 1091 1525 1098 ·
1551 1069 1770 1117 Religiosam
1802 1069 1913 1105 vitam

339 1146 556 1195 eligentibus
576 1143 814 1192 apostolicum
841 1141 1015 1177 conuenit
1039 1140 1156 1175 adesse
1182 1139 1361 1187 presidem
1382 1152 1426 1174 ne
1446 1139 1541 1174 forte
1559 1137 1749 1174 cuiussibet
1769 1138 1915 1174 temeri·

338 1216 422 1252 tatis
449 1214 613 1250 incursus
632 1218 695 1248 aut
722 1224 783 1246 eos
809 1224 830 1246 a
852 1210 1035 1257 preposito
1054 1214 1204 1244 reuocet
1225 1206 1323 1256 [aut]
1345 1207 1468 1243 robori
1490 1207 1587 1254 quod
1607 1206 1696 1242 absit
1714 1206 1813 1242 sacre
1833 1207 1916 1242 reli-

337 1285 455 1332 gionis
474 1283 669 1329 infringat·
684 1285 878 1327 eapropter
894 1278 1015 1313 dilecti
1035 1277 1071 1312 in
1087 1276 1250 1312 Domino
1265 1277 1328 1312 filii
1345 1277 1471 1312 vestris
1490 1277 1592 1312 iustis
1606 1276 1917 1324 postulaciouibus

340 1353 540 1389 clementer
559 1349 754 1386 annuimus
774 1354 810 1383 et
829 1346 1017 1382 ecclesiam
1049 1345 1179 1381 Sansste
1201 1345 1397 1381 Trinitatis
1424 1346 1470 1380 de
1497 1344 1617 1381 Soltre
1641 1345 1680 1380 in
1700 1358 1773 1392 qua
1791 1345 1917 1380 diuino

340 1421 423 1456 estis
442 1419 613 1466 obsequio
632 1416 831 1464 mancipati
851 1416 913 1451 sub
934 1415 1040 1450 Beati
1059 1415 1160 1450 Petri
1190 1420 1226 1449 et
1252 1413 1377 1449 nostra
1399 1414 1634 1462 proteccione
1654 1413 1863 1461 suscipimus
1883 1420 1919 1449 et

339 1489 516 1538 presentis
544 1487 667 1534 scripti
694 1484 887 1534 priuilegio
916 1483 1180 1519 communimus
1199 1504 1206 1511 -
1226 1482 1270 1518 In
1297 1483 1425 1531 primis
1453 1483 1628 1531 siquidem
1657 1482 1857 1518 statuentes
1880 1490 1919 1518 vt

341 1559 430 1594 ordo
450 1556 647 1593 canonicus
675 1554 736 1602 qui
765 1553 962 1588 secundum
989 1552 1111 1587 Deum
1139 1558 1175 1587 et
1194 1551 1300 1587 Beati
1320 1551 1521 1599 Augustini
1546 1552 1711 1599 regulam
1731 1551 1768 1586 in
1789 1552 1918 1587 eodem

340 1628 421 1662 loco
450 1625 637 1660 institutus
675 1623 742 1658 esse
779 1621 979 1657 dinoscitur
1013 1620 1201 1668 perpetuis
1233 1620 1367 1656 ibidem
1403 1619 1627 1668 temporibus
1658 1619 1920 1655 inuiolabiliter

343 1696 569 1731 obseruetur·
583 1698 780 1740 propterea
795 1690 1026 1737 quascunque
1041 1688 1269 1736 poss‘effiones
1284 1701 1502 1736 quecunque
1516 1689 1615 1724 bona
1628 1689 1753 1724 eadem
1769 1687 1921 1723 ecelefia·

342 1765 379 1799 in
399 1761 670 1811 presenciarum
690 1759 781 1794 iuste
800 1764 835 1794 et
855 1757 1032 1793 canonice
1060 1756 1212 1803 poffidet
1233 1762 1296 1794 aut
1315 1757 1351 1791 in
1371 1756 1535 1792 futurum
1555 1756 1782 1792 conceffione
1801 1756 1919 1803 ponti-

343 1833 451 1868 ficum
483 1829 687 1877 largicione
718 1839 845 1874 regum
878 1826 936 1861 vel
963 1824 1172 1872 principum
1205 1825 1396 1860 oblacione
1426 1824 1588 1860 fidelium
1619 1825 1680 1860 seu
1712 1824 1792 1859 aliis
1819 1824 1919 1859 iustis

345 1900 459 1936 modis
474 1898 658 1947 prestante
678 1896 843 1932 Domino
870 1893 1007 1942 poterit
1034 1892 1183 1940 adipisci
1200 1893 1306 1928 firma
1324 1893 1426 1928 vobis
1444 1893 1642 1940 vestrisque
1661 1891 1920 1928 suecessoribus

346 1976 382 2006 et
407 1969 549 2004 illibata
574 1970 814 2014 permaneant
834 1985 841 1992 -
862 1962 900 1997 in
928 1962 1059 2009 quibus
1085 1961 1156 1996 hec
1181 1961 1338 2009 propriis
1365 1961 1531 1996 duximus
1559 1961 1797 2008 exprimenda
1815 1973 1920 1996 voca-

346 2038 440 2074 bulis
461 2037 608 2071 -locum
635 2033 751 2081 ipsum
778 2037 813 2067 et
837 2031 875 2066 in
903 2043 974 2078 quo
1001 2030 1146 2077 prefata
1172 2029 1323 2065 ecclelia
1349 2028 1415 2064 sita
1441 2028 1493 2065 est
1522 2042 1602 2064 cum
1625 2029 1792 2064 omnibus
1810 2029 1920 2076 perti-

347 2106 486 2142 nenciis
513 2105 584 2140 suis
612 2115 694 2139 cum
720 2099 893 2149 prediffis
921 2098 1035 2134 vineis
1064 2098 1172 2134 terris
1199 2097 1410 2133 nemoribus
1435 2103 1470 2133 et
1498 2097 1631 2145 fuagiis
1658 2102 1694 2132 et
1720 2097 1858 2145 pascuis
1882 2097 1919 2132 in

348 2176 454 2210 bosco
483 2180 518 2209 et
544 2173 654 2220 plano
685 2171 723 2206 in
753 2168 855 2216 aquis
882 2174 918 2203 et
944 2167 1164 2203 molendinis
1197 2165 1330 2201 inviis
1362 2171 1398 2201 et
1426 2165 1559 2202 semitis
1586 2171 1623 2200 et
1649 2165 1815 2200 omnibus
1842 2165 1922 2200 aliis

348 2243 578 2279 libertatibus
601 2240 669 2289 [et]
690 2236 980 2274 immunitatibus
1003 2235 1072 2271 suis
1092 2255 1099 2264 ·
1119 2234 1203 2271 sane
1230 2234 1418 2270 noualium
1447 2233 1647 2269 vestrorum
1675 2246 1745 2280 que
1764 2233 1921 2280 propriis

351 2312 514 2347 manibus
534 2310 590 2345 vel
612 2307 809 2355 sumptibus
829 2304 947 2341 colitis
967 2304 1012 2339 de
1032 2303 1161 2350 quibus
1189 2302 1320 2350 aliquis
1344 2304 1491 2337 asienus
1509 2314 1582 2337 non
1602 2300 1764 2349 percepit
1783 2300 1857 2336 fiue
1876 2301 1921 2337 de

353 2379 552 2415 vestrorum
586 2376 797 2413 animalium
823 2373 1058 2410 nutrimentis
1085 2372 1206 2407 nullus
1234 2384 1255 2406 a
1278 2371 1380 2406 vobis
1404 2370 1564 2406 decimas
1591 2370 1739 2418 exigere
1764 2369 1822 2405 vel
1849 2375 1922 2405 tor—

355 2460 466 2495 quere
484 2446 667 2494 presumat
686 2464 692 2471 ·
712 2444 821 2479 liceat
845 2454 989 2490 quoque
1017 2441 1116 2477 vobis
1143 2439 1296 2476 clericos
1316 2438 1374 2474 vel
1400 2438 1514 2474 laicos
1532 2438 1667 2474 liberos
1687 2443 1722 2474 et
1741 2438 1922 2474 absolutos
