2147 2964
772 284 842 320 DE
872 268 1259 321 CREYCHTOUN.
1728 289 1799 320 311

225 384 430 418 reuerendo
458 383 496 419 in
517 382 664 420 Christo
690 388 794 430 patre
823 383 969 418 domino
997 383 1138 418 Jacobo
1167 383 1336 430 episcopo
1366 383 1628 420 Sanfflandree
1656 397 1799 420 necnon

225 463 290 497 pro
310 464 367 486 me
386 451 585 499 sponsaque
604 463 687 486 mea
712 451 845 486 nostris
873 451 997 486 liberis
1025 450 1308 486 antecessoribus
1332 458 1367 487 et
1389 451 1645 488 successoribus
1664 466 1799 489 annua-

224 518 286 553 tim
308 519 367 554 die
392 519 509 555 obitus
536 519 610 555 siue
638 519 797 554 decessus
825 520 896 555 mei
925 519 1159 566 solempniter
1179 525 1218 554 ut
1245 520 1356 554 moris
1384 520 1435 555 est
1462 521 1646 568 perpetuis
1669 521 1800 557 suturis

224 587 449 634 temporibus
468 588 667 623 decantent
686 594 722 623 et
741 587 928 623 celebrent
947 608 954 615 ·
975 587 1073 622 Volo
1092 587 1207 622 eciam
1228 594 1263 623 et
1290 588 1421 623 ordino
1449 589 1546 635 quod
1566 589 1799 635 prebendarii

223 655 375 702 predicti
395 661 431 691 et
450 655 511 691 alii
531 655 567 690 in
588 655 685 690 dieta
704 655 856 690 ecclesia
883 655 1078 702 collegiata
1104 655 1343 691 ministraturi
1371 657 1407 690 in
1429 657 1490 691 suo
1510 657 1627 703 primo
1647 657 1799 693 introitu

223 722 402 769 preposito
420 736 488 770 pro
507 729 671 770 tempore
691 723 859 758 existenti
890 722 1142 758 obedienciam
1161 723 1300 757 faciant
1322 724 1529 758 manualem
1567 724 1791 760 Reformaci-

223 803 310 826 ones
325 796 361 826 et
376 791 630 827 correcciones
650 791 854 826 defefituum
876 803 1022 826 necnon
1041 790 1207 836 regimen
1227 790 1342 825 diuini
1362 790 1482 825 cultus
1502 791 1538 826 in
1556 791 1630 839 ipsa
1649 793 1800 828 ecclesia

223 858 419 906 collegiata
955 858 1176 905 prepositum
1196 859 1255 893 seu
1276 858 1352 893 eius
1371 858 1492 893 locum
1513 865 1696 895 tenentem
1718 874 1797 896 cum

223 927 462 976 co[hercione
477 927 601 963 debita
619 925 967 974 prebendariorum]
984 947 991 954 ·
1007 927 1068 973 qui
1088 927 1205 962 eciam
1224 927 1385 962 defcttus
1406 927 1442 962 in
1458 928 1561 975 penis
1579 929 1799 976 pecuniariis

222 996 410 1044 percipere
428 1002 464 1032 et
478 996 602 1031 leuare
618 1007 683 1042 per
700 995 733 1030 se
749 995 806 1030 vel
826 994 926 1030 suum
946 994 1067 1030 locum
1086 1000 1272 1030 tenentem
1288 995 1408 1031 valeat
1423 1003 1532 1043 atque
1548 997 1698 1033 debeat·
1713 997 1801 1033 Ves-

224 1070 316 1100 tram
337 1064 450 1112 igitur
469 1063 710 1099 reuerendam
730 1063 986 1110 paternitatem
1006 1062 1192 1098 humiliter
1212 1063 1390 1111 deprecor
1406 1071 1441 1100 et
1460 1065 1606 1112 requiro
1622 1072 1800 1112 quatenus

225 1133 356 1168 dictam
388 1144 505 1167 meam
534 1131 794 1167 fundacionem
824 1131 861 1166 in
890 1131 1057 1166 omnibus
1089 1131 1158 1166 suis
1185 1132 1328 1178 punctis
1355 1138 1391 1168 et
1419 1133 1583 1168 articulis
1607 1147 1672 1181 per
1691 1134 1799 1170 vestri

227 1200 495 1236 solicitudinem
525 1199 666 1248 [officii]
688 1200 735 1235 ad
754 1199 920 1234 effectum
940 1199 1103 1235 debitum
1130 1201 1376 1247 producentes
1395 1202 1600 1249 approbare
1620 1203 1801 1239 ratificare

226 1275 262 1305 et
282 1269 499 1305 confirmare
519 1268 720 1316 dignemini
743 1267 904 1316 graciose
925 1288 931 1295 ·
952 1267 996 1302 In
1024 1268 1127 1303 cuius
1154 1269 1207 1304 rei
1235 1269 1479 1304 testimonium
1500 1270 1654 1317 sigillum
1681 1285 1799 1307 meum

227 1350 382 1373 vnacum
404 1337 518 1385 sigillo
537 1337 691 1385 predicti
709 1336 841 1372 Jacobi
861 1336 926 1371 filii
954 1336 1022 1372 mei
1042 1343 1078 1371 et
1105 1336 1250 1372 heredis
1277 1338 1504 1384 presentibus
1528 1339 1579 1374 est
1604 1341 1801 1387 appensum

227 1407 378 1442 testibus
405 1406 610 1441 reuerendo
637 1406 673 1440 in
702 1405 848 1442 Christo
876 1411 981 1452 patre
1009 1418 1051 1441 ac
1079 1405 1226 1440 domino
1254 1406 1402 1441 domino
1422 1406 1608 1443 Willelmo
1635 1409 1802 1456 episcopo

243 1474 443 1523 Hasguenfi
470 1474 664 1522 magnifico
689 1479 725 1509 et
749 1473 958 1520 prepotenti
981 1473 1130 1508 domino
1150 1473 1337 1509 Willelmo
1365 1476 1497 1511 comite
1517 1476 1561 1510 de
1581 1476 1748 1524 Douglas
1766 1484 1802 1513 et

231 1543 431 1580 venerabili
466 1544 503 1578 in
537 1543 686 1579 Christo
714 1548 819 1590 patre
849 1542 1004 1577 Andrea
1030 1542 1160 1577 abbate
1191 1542 1236 1577 de
1267 1542 1406 1578 Melros
1434 1543 1621 1579 Willelmo
1653 1545 1801 1581 domino

231 1612 435 1649 Someruell
455 1612 607 1647 Andrea
633 1611 781 1646 domino
809 1611 853 1645 de
875 1610 979 1657 Gray
997 1610 1169 1657 magistro
1189 1609 1346 1645 Nicolao
1366 1611 1410 1645 de
1432 1610 1627 1647 Ottirburn
1648 1613 1802 1661 supremi

229 1680 367 1716 domini
386 1680 499 1715 nostri
518 1679 615 1726 regis
635 1677 829 1714 secretario
850 1683 885 1712 et
903 1678 1074 1725 magistro
1092 1677 1239 1713 Joanne
1258 1679 1400 1713 Arrous
1420 1680 1679 1716 archidiacono
1701 1681 1802 1717 Glas-

228 1748 353 1795 guensi
382 1748 479 1795 apud
498 1746 712 1783 Edinburch
732 1745 904 1793 vigesimo
933 1747 1030 1781 sexto
1054 1746 1113 1781 die
1140 1746 1270 1781 mensis
1291 1746 1508 1782 Decembris
1534 1761 1630 1783 anno
1649 1749 1800 1785 Domini

230 1816 417 1851 millesimo
432 1814 791 1863 quadringentesimo
809 1814 1083 1862 quadragesimo
1103 1826 1200 1848 nono
1215 1835 1221 1841 -
1236 1814 1336 1849 POST
1356 1817 1659 1863 quarumquidcm
1679 1817 1800 1853 litera-

231 1898 309 1920 rum
328 1884 639 1933 presentacionem
659 1889 695 1919 et
713 1882 965 1930 recepcionem
985 1895 1050 1930 pro
1070 1888 1174 1929 parte
1190 1882 1276 1917 dic-ti
1292 1883 1466 1918 willelmi
1484 1885 1621 1920 domini
1639 1885 1800 1934 Creych-

231 1960 318 1989 toun
346 1953 451 1987 nobis
478 1952 545 1987 fuit
572 1951 759 1986 humiliter
778 1950 1016 1998 supplicatum
1046 1957 1224 1996 quatenus
1249 1951 1357 1998 ipsius
1377 1952 1521 1999 collegii
1542 1953 1797 1991 fundacionem

230 2021 505 2056 ordinacionem
533 2026 568 2054 et
595 2018 864 2067 disposicionem
893 2025 932 2053 ut
960 2019 1183 2065 premittitur
1210 2020 1414 2066 approbare
1441 2021 1623 2057 ratificare
1651 2029 1687 2058 et
1714 2035 1798 2058 con—

230 2090 375 2124 firmare
404 2100 547 2123 necnon
578 2086 764 2122 ecclesiam
796 2086 840 2121 de
871 2086 1108 2122 Lochorwart
1135 2087 1355 2122 antedictam
1383 2088 1537 2135 collegio
1566 2091 1707 2137 prefato
1737 2104 1798 2127 an-

223 2167 366 2192 ,nexare
385 2160 420 2189 et
441 2153 542 2189 vnire
570 2166 612 2188 ac
639 2158 833 2200 perpetuas
861 2151 974 2187 eciam
1004 2153 1157 2189 vicarias
1185 2155 1221 2190 in
1251 2155 1410 2191 ecclesiis
1434 2157 1478 2191 de
1505 2156 1742 2205 Creychtoun
1762 2166 1797 2195 et

231 2222 468 2258 Lochorwart
496 2222 610 2257 eciam
639 2221 781 2268 erigere
809 2226 844 2255 et
867 2233 992 2256 creare
1012 2222 1247 2270 dignaremur
1267 2244 1273 2250 -
1294 2224 1372 2259 Nos
1400 2224 1511 2272 igitur
1529 2225 1690 2262 Jacobus
1710 2228 1796 2275 epis-

231 2303 341 2338 copus
360 2290 562 2325 antedifws
590 2288 698 2336 ipsius
718 2288 856 2323 domini
877 2287 1114 2335 Creychtoun
1139 2291 1308 2337 precibus
1327 2292 1468 2327 deuotis
1487 2299 1523 2328 et
1541 2294 1610 2340 piis
1630 2294 1794 2332 inclinati

232 2359 418 2394 desideriis
437 2359 482 2393 ad
502 2357 573 2393 Dei
595 2356 867 2403 Omnipotentis
893 2356 1037 2392 laudem
1058 2364 1092 2393 et
1112 2358 1285 2394 honorem
1307 2365 1342 2394 et
1360 2367 1570 2407 perpetuam
1591 2362 1794 2399 animarum

227 2426 462 2473 personarum
490 2425 734 2473 prediffitarum
762 2423 975 2459 memoriam
1003 2429 1037 2458 et
1064 2423 1212 2459 salutem
1245 2431 1386 2461 matura
1417 2426 1685 2464 deliberacione
1713 2442 1793 2465 cum
