2147 2964
349 303 421 337 324
714 297 893 335 CARTE
920 296 1176 334 ECCLESIE
1206 295 1551 333 COLLEGIATE

349 399 482 446 prioris
512 399 632 434 anime
662 410 743 432 mee
769 396 885 444 patris
916 396 988 432 mei
1015 401 1051 431 et
1078 395 1205 431 matris
1233 408 1312 431 mee
1341 395 1576 443 omniumque
1602 394 1865 432 antecessorum
1892 401 1928 430 et

350 466 588 504 successorum
607 478 770 502 meorum
785 470 980 513 parentum
995 470 1031 500 et
1049 464 1324 500 benefactorum
1343 477 1386 500 ac
1406 464 1520 500 eciam
1541 491 1549 499 .
1567 493 1574 500 .
1595 491 1602 499 .
1618 464 1797 500 Willelmi
1814 462 1928 499 Toth-

350 537 409 572 rik
433 536 499 571 filii
526 541 562 571 et
589 534 798 583 apparentis
824 533 971 569 heredis
992 533 1210 568 Archibaldi
1232 532 1393 568 Tothrik
1419 533 1608 581 burgenfis
1636 533 1681 569 de
1708 531 1929 579 Edinburgh

352 612 387 642 et
406 605 560 640 aliorum
579 616 647 652 pro
666 603 798 650 quibus
819 630 825 636 .
844 631 851 637 .
875 629 883 637 .
902 614 1032 649 preces
1059 601 1247 637 effundere
1272 607 1402 637 teneor
1423 629 1430 637 .
1453 629 1461 637 .
1482 630 1489 637 .
1511 601 1747 648 omniumque
1765 600 1928 636 fidelium

352 674 605 710 defunctorum
622 700 630 708 .
648 700 656 707 .
673 700 680 707 .
697 672 742 707 de
762 683 859 706 nouo
879 669 1041 706 fundaffe
1060 698 1067 705 .
1090 698 1097 705 .
1120 698 1128 705 .
1149 671 1195 706 ad
1214 670 1522 717 quarumquidem
1543 698 1551 706 .
1572 698 1580 705 .
1599 697 1607 706 .
1626 669 1929 705 sustentacionem

353 772 357 776 .
379 772 386 779 .
408 771 416 778 .
436 747 648 778 tenementa
674 746 710 776 et
737 752 879 775 annuos
910 739 1077 774 redditus
1107 739 1342 786 infrascripta
1362 767 1370 774 .
1401 767 1408 774 .
1439 767 1446 774 .
1476 738 1654 787 aflignaui
1675 767 1682 774 .
1703 767 1710 774 .
1733 766 1740 774 .
1761 750 1930 786 quarum-

352 812 498 860 quidem
518 809 804 858 capellaniarum
824 807 980 843 donacio
1000 835 1007 842 .
1030 834 1038 842 .
1059 835 1066 841 .
1086 807 1166 854 post
1185 807 1323 843 obitum
1342 820 1463 843 meum
1482 808 1603 855 quoad
1620 808 1775 855 primam
1796 836 1802 842 .
1826 835 1833 842 .
1856 834 1863 842 .
1884 806 1930 841 ad

352 880 603 915 Alexandrum
625 877 825 915 Cokburne
845 876 1031 912 dominum
1050 876 1095 911 de
1113 875 1281 911 Newhall
1301 882 1470 924 nepotem
1490 889 1608 911 meum
1627 883 1663 912 et
1679 876 1834 911 heredes
1852 875 1931 909 suos

352 950 622 996 imperpetuum
642 945 790 981 omnino
810 945 984 992 spectabit
1004 944 1197 980 secundam
1218 972 1226 980 .
1249 972 1256 979 .
1277 973 1284 980 .
1301 945 1464 980 Jacobus
1480 945 1623 981 Gifferd
1641 945 1686 980 de
1704 943 1931 981 Schirefhall

353 1016 643 1065 consanguineus
675 1027 776 1049 meus
810 1014 948 1049 donare
969 1041 976 1048 .
998 1041 1005 1048 .
1027 1041 1034 1048 .
1054 1013 1201 1048 debebit
1223 1041 1229 1047 .
1253 1040 1260 1048 .
1283 1041 1290 1048 .
1312 1019 1347 1048 et
1378 1013 1530 1048 heredes
1562 1013 1613 1048 sui
1633 1041 1640 1048 .
1663 1041 1670 1048 .
1690 1040 1697 1047 .
1719 1012 1930 1059 quiquidem

353 1084 534 1133 capellani
555 1111 562 1119 .
583 1111 591 1119 .
613 1111 621 1118 .
641 1083 679 1118 in
700 1082 787 1117 villa
805 1083 850 1117 de
870 1081 1051 1116 Dalketht
1070 1081 1311 1128 personaliter
1330 1081 1512 1117 resideant
1531 1087 1567 1116 et
1586 1081 1703 1116 indies
1721 1093 1788 1128 pro
1808 1081 1931 1116 anima

351 1167 432 1190 mea
450 1152 732 1198 animabusque.
754 1178 761 1185 .
781 1179 786 1184 .
803 1150 1040 1197 personarum
1065 1149 1309 1196 predictarum
1331 1177 1338 1184 .
1362 1176 1369 1184 .
1391 1176 1398 1183 .
1418 1148 1600 1183 missarum
1619 1148 1820 1196 solempnia
1839 1148 1931 1183 cele-

351 1223 512 1258 brabunt
533 1249 540 1257 .
563 1249 570 1256 .
592 1249 600 1256 .
621 1220 767 1256 Primus
786 1231 874 1254 vero
902 1218 1113 1265 capellanus
1133 1246 1139 1252 .
1161 1244 1169 1252 .
1192 1245 1199 1251 .
1220 1217 1266 1252 ad
1286 1217 1402 1252 altare
1428 1217 1594 1252 crucifixi
1615 1244 1622 1252 .
1643 1246 1648 1251 .
1670 1245 1677 1251 .
1697 1217 1847 1252 habebit
1864 1229 1932 1264 pro

354 1292 414 1326 sua
432 1289 698 1325 sustentacione
718 1317 724 1323 .
748 1317 754 1322 .
777 1315 784 1322 .
804 1291 1055 1322 tenementum
1083 1297 1204 1320 meum
1231 1284 1354 1320 iacens
1374 1285 1409 1319 in
1431 1284 1519 1319 villa
1537 1284 1744 1332 Edinburgi
1764 1298 1807 1320 ex
1828 1292 1931 1332 parte

353 1359 483 1395 boriali
504 1357 627 1404 magni
656 1356 728 1391 vici
757 1355 943 1390 eiusdem.
967 1381 974 1388 .
996 1381 1003 1388 .
1025 1359 1061 1388 et
1093 1353 1255 1399 quinque
1287 1365 1429 1388 mercas
1461 1352 1574 1387 annui
1603 1353 1770 1388 redditus
1801 1353 1931 1388 vsualis

355 1433 498 1462 monete
518 1455 524 1462 .
547 1454 554 1461 .
577 1452 584 1460 .
605 1425 650 1460 de
670 1423 800 1460 ceteris
820 1422 974 1458 edificiis
994 1427 1029 1457 et
1048 1420 1325 1468 quatuordecim
1346 1420 1440 1456 acris
1459 1421 1504 1456 de
1524 1420 1632 1456 terris
1652 1421 1741 1456 meis
1762 1421 1932 1468 Tempel-

355 1496 455 1531 lariis
476 1522 484 1530 .
505 1524 510 1530 .
534 1522 541 1530 .
561 1493 765 1529 iacentibus
785 1492 822 1527 in
842 1491 929 1527 villa
948 1497 984 1526 et
1002 1489 1190 1526 territorio
1210 1489 1296 1524 ville
1315 1490 1360 1524 de
1380 1489 1544 1537 Gullyne
1564 1518 1570 1525 .
1592 1517 1599 1524 .
1620 1516 1629 1524 .
1652 1489 1842 1525 Secundus
1863 1517 1871 1525 .
1894 1518 1901 1524 .
1923 1517 1932 1524 .

355 1565 401 1599 ad
431 1563 546 1599 altare
581 1560 703 1597 saneti
728 1560 911 1596 Johannis
943 1559 1098 1606 baptiste
1117 1585 1124 1593 .
1145 1586 1153 1593 .
1175 1585 1183 1593 .
1204 1557 1352 1593 habebit
1382 1570 1448 1605 pro
1477 1558 1540 1593 sua
1570 1557 1834 1593 sustentacione
1864 1586 1871 1593 .
1894 1585 1901 1593 .

356 1630 546 1667 annuatim
566 1629 728 1676 quinque
753 1640 895 1663 marcas
915 1627 959 1662 de
986 1626 1141 1673 hospitio
1160 1638 1240 1661 meo
1261 1653 1268 1660 .
1290 1654 1297 1662 .
1321 1652 1329 1661 .
1349 1625 1493 1661 iacente
1519 1625 1555 1661 in
1581 1625 1669 1661 villa
1688 1626 1732 1661 de
1751 1625 1934 1661 Dalketht

357 1714 400 1736 ex
427 1704 532 1747 parte
568 1697 717 1733 australi
749 1695 873 1744 magni
903 1695 976 1731 vici
1009 1695 1166 1730 eiusdem
1196 1721 1203 1728 .
1227 1722 1234 1729 .
1256 1721 1263 1729 .
1291 1706 1436 1729 necnon
1464 1721 1471 1728 .
1502 1721 1509 1728 .
1537 1723 1543 1729 .
1573 1706 1699 1729 omnes
1732 1694 1934 1741 superiores

357 1769 481 1804 domos
517 1779 596 1802 mee
639 1763 882 1800 habitacionis
911 1791 918 1798 .
949 1790 957 1798 .
989 1791 996 1798 .
1026 1775 1108 1798 cum
1144 1775 1243 1810 penu
1285 1762 1324 1796 in
1365 1761 1542 1797 anteriori
1585 1768 1690 1808 parte
1735 1764 1934 1798 tenementi

359 1836 515 1872 eiusdem
543 1840 606 1870 et.
629 1861 636 1869 .
659 1861 666 1869 .
687 1837 937 1868 tenementum
966 1844 1085 1867 meum
1116 1859 1123 1866 .
1153 1858 1161 1866 .
1192 1859 1199 1866 .
1227 1830 1351 1865 iacens
1377 1830 1416 1865 in
1442 1858 1449 1865 .
1477 1857 1484 1865 .
1513 1857 1520 1865 .
1546 1829 1728 1865 Dalketht
1757 1843 1802 1865 ex
1830 1838 1934 1878 parte

359 1903 508 1940 australi
536 1901 663 1950 magni
690 1901 761 1936 vici
791 1900 950 1935 eiusdem
979 1899 1076 1934 inter
1111 1904 1361 1935 tenementum
1391 1910 1470 1933 mee
1503 1898 1746 1933 habitacionis
1771 1899 1934 1945 predicte

360 1986 403 2008 ex
422 1978 525 2020 parte
545 1969 765 2006 occidentali
786 1995 793 2003 .
810 1995 818 2003 .
835 1995 842 2003 .
859 1972 894 2002 et
914 1972 1164 2002 tenementum
1184 1967 1356 2014 Hugonis
1377 1966 1543 2003 Coldane
1565 1979 1609 2001 ex
1635 1972 1739 2014 parte
1764 1967 1934 2003 orientali

438 2046 474 2075 et
493 2038 624 2086 viginti
649 2038 784 2084 septem
813 2035 943 2070 solidos
969 2034 1082 2070 annui
1109 2035 1275 2071 redditus
1301 2036 1346 2070 de
1379 2035 1488 2071 certis
1516 2035 1669 2070 edificiis
1697 2041 1733 2070 et
1758 2036 1935 2072 edificatis

449 2106 666 2143 tenementis
700 2104 872 2152 Hugonis
905 2102 1050 2139 Colden
1085 2103 1289 2139 iacentibus
1324 2103 1363 2138 in
1395 2102 1546 2138 diuerfis
1581 2103 1746 2150 partibus
1776 2103 1861 2139 ville
1890 2105 1935 2140 de

362 2175 542 2211 Dalketht
563 2202 570 2210 .
592 2202 599 2209 .
621 2202 627 2208 .
646 2174 793 2221 insuper
820 2184 908 2207 vero
938 2171 1071 2218 viginti
1101 2171 1161 2206 sex
1191 2171 1322 2206 solidos
1349 2177 1386 2207 et
1413 2174 1493 2206 octo
1521 2171 1691 2206 denarios
1717 2172 1830 2207 annui
1855 2173 1935 2208 red—

363 2245 458 2280 ditus
485 2245 530 2279 de
550 2255 621 2278 vno
648 2246 857 2277 tenemento
884 2240 1085 2275 husbandie
1104 2239 1281 2275 Willelmi
1311 2238 1478 2275 Slowane
1505 2251 1589 2274 cum
1616 2244 1716 2274 terra
1743 2240 1935 2286 campestri

364 2312 522 2347 eiusdem
542 2339 548 2346 .
567 2338 573 2344 .
594 2339 599 2344 .
620 2310 762 2345 iacente
789 2310 826 2344 in
852 2308 940 2343 villa
970 2313 1006 2343 et
1033 2307 1220 2344 territorio
1247 2307 1332 2342 ville
1361 2308 1406 2342 de
1430 2306 1614 2342 Dalketht
1628 2334 1636 2342 .
1652 2335 1658 2340 .
1676 2333 1684 2341 .
1706 2306 1802 2341 Volo
1821 2307 1935 2342 eciam

364 2379 462 2427 quod
491 2379 515 2414 si
543 2378 628 2413 diai
648 2404 656 2413 .
678 2405 685 2412 .
707 2377 790 2413 ‚vel
824 2376 978 2412 heredes
1015 2388 1140 2411 eorum
1177 2375 1410 2422 neclegentes
1446 2374 1585 2410 fuerint
1619 2375 1657 2409 in
1693 2374 1935 2421 presentando

404 2475 412 2482 .
442 2475 449 2482 .
478 2446 573 2481 infra
611 2446 829 2491 quindecem
869 2444 946 2479 dies
985 2457 1006 2479 a
1046 2450 1211 2491 tempore
1248 2443 1457 2479 vacacionis
1486 2470 1494 2478 .
1524 2469 1532 2477 .
1562 2470 1569 2477 .
1597 2442 1723 2478 licebit
1758 2443 1936 2489 prepofito
