2147 2964
343 883 656 931 ECGLESIA
710 883 1117 931 GOLLEGIATA
1170 883 1249 931 DE
1303 883 1677 933 RESTALRIG.

224 1294 329 1329 Bulla
347 1293 560 1329 Innocencii
580 1293 712 1330 Octaui
731 1293 922 1329 continens
940 1294 1094 1341 primam
1115 1295 1333 1331 erectionem
1353 1296 1398 1331 de
1416 1295 1599 1344 Restalrig
1617 1297 1655 1332 in
1674 1298 1788 1333 eccle-

222 1362 306 1398 {iam
327 1362 569 1410 collegiatam.

220 1483 491 1535 INNOCENCIUS
524 1499 713 1547 episcopus
743 1499 867 1535 seruus
897 1499 1080 1534 seruorum
1110 1498 1183 1535 Dei
1214 1505 1284 1536 etc.
1337 1499 1509 1535 Exhibita
1534 1501 1639 1535 nobis
1670 1513 1786 1548 nuper

219 1579 284 1613 pro
320 1573 423 1614 parte
459 1567 580 1603 dileffi
615 1567 680 1603 filii
715 1567 871 1603 Joannis
911 1566 1292 1620 Friffcllpresbyteri
1338 1566 1597 1604 Sanffiandree
1635 1568 1786 1604 diocesis

218 1635 379 1682 magistri
410 1635 447 1671 in
483 1636 622 1671 artibus
665 1635 796 1683 peticio
833 1635 1044 1671 continebat
1079 1636 1177 1683 quod
1213 1642 1293 1672 orta
1329 1637 1462 1672 dudum
1499 1637 1596 1672 inter
1631 1650 1712 1672 eum
1750 1645 1785 1673 et

219 1704 462 1739 venerabilem
507 1704 656 1739 fratrem
701 1704 864 1739 nostrum
901 1703 1127 1740 Willelmum
1172 1704 1481 1752 archiepiscopum
1523 1704 1785 1742 Sanffiandree

218 1772 322 1819 super
357 1771 558 1819 parochiali
590 1770 742 1807 ecclelia
772 1771 841 1807 loci
879 1771 1044 1808 Leswaid
1079 1772 1172 1807 diste
1207 1772 1357 1808 diocesis
1393 1772 1451 1808 seu
1488 1776 1607 1809 erecto
1643 1786 1686 1809 ex
1722 1774 1785 1810 illa

218 1840 437 1875 canonicatu
465 1846 501 1875 et
526 1840 715 1887 prebenda
751 1840 788 1875 in
817 1839 967 1875 ccclefia
1000 1839 1123 1876 Sancti
1156 1839 1356 1876 Saluatoris
1389 1840 1650 1877 Sanctiandree
1687 1843 1784 1890 quod

218 1907 301 1943 olim
338 1907 487 1943 ccclefic
529 1913 630 1943 certo
674 1907 782 1943 modo
818 1914 989 1943 vacantes
1033 1908 1364 1956 archiepiscopatus
1399 1908 1552 1958 [mense]
1590 1910 1783 1958 archiepis-

218 1976 334 2024 copali
364 1982 539 2024 perpetuo
569 1976 669 2012 unite
698 1989 839 2011 annexc
869 1982 905 2012 ct
931 1976 1165 2024 incorporate
1193 1983 1298 2013 erant
1327 1983 1362 2013 et
1389 1978 1520 2024 prefati
1549 1977 1612 2013 {ibi
1639 1979 1684 2014 (le
1712 1978 1782 2014 illis

217 2045 403 2092 prouideri
431 2045 641 2080 mandatum
669 2043 770 2079 fuisse
797 2044 996 2091 apostolica
1026 2045 1242 2081 au&oritatc
1270 2043 1471 2081 afferebant
1498 2046 1651 2081 materia
1683 2048 1782 2093 ques-

217 2113 325 2149 tionis
345 2134 353 2142 ·
371 2112 450 2148 Nos
478 2113 620 2148 causam
648 2112 747 2148 illam
774 2113 931 2160 primum
959 2112 1090 2148 dilecto
1117 2112 1190 2147 filio
1219 2112 1341 2148 nostro
1366 2112 1416 2148 N.
1437 2113 1627 2161 capellano
1659 2114 1782 2150 nostro

216 2188 253 2216 et
279 2181 465 2217 causarum
494 2180 626 2228 palacii
660 2180 847 2228 apostolici
879 2180 1037 2217 auditori
1064 2180 1197 2216 deinde
1218 2194 1304 2216 vero
1331 2181 1428 2217 illam
1457 2182 1502 2217 ab
1525 2194 1568 2217 eo
1595 2183 1783 2218 aduocatis

218 2249 485 2285 venerabilibus
504 2249 676 2284 fratribus
693 2249 824 2284 nostris
842 2256 910 2285 etc.
940 2249 1115 2297 episcopis
1134 2255 1204 2284 etc.
1222 2249 1260 2284 in
1280 2249 1372 2285 statu
1391 2249 1512 2285 debito
1533 2251 1780 2286 resumendam

216 2324 252 2353 et
272 2317 422 2353 vlterius
441 2317 659 2353 audiendam
679 2323 716 2352 ct
735 2316 805 2353 fine
825 2317 948 2353 debito
967 2317 1233 2353 terminandam
1261 2317 1500 2353 commiiimus
1518 2338 1526 2347 ·
1548 2317 1641 2355 Cum
1661 2326 1779 2355 autem

216 2386 280 2422 lite
306 2385 509 2421 huiufinodi
538 2384 586 2420 fic
611 2384 774 2420 indecisa
800 2386 982 2431 pendente
1012 2385 1175 2433 prefatus
1207 2385 1499 2434 archiepiscopus
1526 2386 1581 2423 liti
1613 2393 1649 2422 et
1677 2389 1781 2423 cause

216 2453 417 2488 huiusmodi
439 2466 481 2489 ac
502 2452 596 2487 omni
626 2452 694 2487 iuri
725 2452 787 2488 fibi
816 2453 853 2488 in
882 2453 1081 2500 parochiali
1110 2453 1261 2490 ccclesia
1281 2454 1340 2490 seu
1359 2455 1489 2490 erthiS
1508 2467 1553 2494 ex
1573 2468 1615 2491 eo
1634 2458 1778 2492 canoni-

969 2524 991 2556 2
1010 2534 1038 2556 M
