2147 2964
335 290 419 325 xviii
678 287 905 324 TRINITY
936 285 1195 330 COLLEGE,
1225 288 1561 325 EDINBURGH.

335 388 394 420 No.
412 389 483 420 250.
766 386 959 427 Gompotum
978 408 984 416 .
1005 409 1011 416 .
1031 409 1037 416 .
1058 409 1064 416 .
1081 386 1341 419 customariorum
1365 388 1457 430 burgi
1472 389 1511 420 de
1534 388 1631 420 Perth
1649 412 1656 420 .
1675 415 1680 420 .
1699 414 1705 420 .
1726 413 1732 420 .
1750 389 1913 421 Faucland

723 443 762 473 15
778 442 865 483 Aug.
885 442 978 473 1463.

378 499 522 540 Expense
540 522 547 530 .
565 524 570 530 .
590 523 596 529 .
616 521 623 529 .
640 498 683 529 Et
707 497 824 529 eisdem
854 496 888 528 in
918 500 1042 539 partem
1072 497 1240 530 solucionis
1269 499 1401 541 triginta
1427 500 1563 532 duorum
1590 511 1729 532 asserum
1756 501 1911 532 (lictomrn

333 555 442 595 qeistis
457 558 488 586 et
504 558 573 586 octo
588 553 781 595 simplicium
797 553 956 585 dictarum
971 553 1063 585 radis
1078 552 1258 585 tabularum
1282 554 1486 587 liberatarum
1504 555 1609 587 Dauid
1626 555 1708 597 Boys
1723 559 1755 587 et
1770 555 1911 588 Johanni

334 611 529 643 Haukirston
545 611 584 642 ad
600 610 734 642 fabricas
754 609 877 651 collegii
900 610 1014 642 Sancte
1030 609 1198 641 Trinitatis
1219 620 1314 652 prope
1331 611 1556 653 Edinburgum
1576 614 1608 642 et
1623 611 1715 643 castri
1730 611 1770 643 de
1786 611 1913 653 Ravyn-

333 667 456 709 niscrag
470 667 508 698 de
524 666 675 699 mandato
691 665 813 708 Regiae
828 665 907 697 xviii
916 665 948 696 li.
966 665 1024 696 iis.
1040 664 1087 696 iiii
1097 664 1128 696 d.
1163 665 1208 696 Et
1222 665 1340 697 eisdem
1356 677 1412 708 pro
1428 667 1565 709 cariagio
1581 668 1737 699 dictorum
1754 667 1911 709 lignorum

334 735 352 754 v
363 734 383 755 s.
402 723 435 754 ix
446 723 464 754 d
469 747 578 754 .....

335 835 391 867 No.
410 836 482 866 251.
766 832 958 874 Compotum
981 831 1103 864 domini
1125 831 1282 864 Willelmi
1306 832 1417 874 Rynde
1440 833 1592 875 capellani
1617 833 1784 875 receptoris
1806 833 1912 865 firma-

720 899 791 920 rum
821 887 1023 920 dominorum
1054 887 1092 919 de
1122 887 1257 920 Brechin
1288 893 1319 920 et
1349 889 1491 922 Netbver
1517 889 1675 921 redditum
1702 889 1786 931 apud
1815 889 1911 920 Perth

721 944 761 975 13
777 943 894 975 mensis
909 943 932 975 J
935 943 1000 975 unii
1018 943 1102 976 1464
1103 967 1211 976 .....

376 1002 521 1043 Expense
554 1024 560 1031 .
579 1027 584 1032 .
605 1024 611 1031 .
631 1023 638 1031 .
655 999 699 1031 Et
713 999 816 1032 eidem
836 1010 892 1041 per
907 999 1099 1031 solucionem
1115 999 1270 1032 Edwardo
1286 999 1407 1032 Bonkle
1430 1001 1585 1043 preposito
1608 1001 1734 1033 ecclesie
1750 1000 1913 1042 collegiate

333 1059 444 1090 Sancte
460 1056 626 1088 Trinitatis
648 1066 745 1098 prope
768 1055 959 1095 Edinburgh
982 1055 1022 1087 ad
1045 1058 1236 1088 structuram
1259 1056 1398 1089 eiusdem
1422 1057 1460 1089 de
1483 1057 1634 1088 mandato
1655 1056 1782 1088 domine
1805 1057 1912 1098 regine

332 1114 412 1145 clare
436 1112 584 1144 memorie
606 1116 641 1143 vt
666 1115 755 1154 patet
781 1122 836 1154 per
858 1111 966 1143 literas
989 1122 1062 1143 suas
1084 1112 1142 1143 sub
1164 1111 1286 1153 signeto
1308 1112 1347 1144 de
1369 1115 1514 1154 precepto
1538 1115 1569 1144 et
1592 1112 1682 1143 binas
1705 1112 1812 1143 literas
1834 1111 1911 1143 dicti

333 1169 480 1201 Edwardi
496 1169 533 1200 de
550 1171 673 1210 recepto
695 1171 835 1200 ostensas
857 1179 950 1210 super
973 1171 1156 1209 compotum
1179 1167 1214 1199 lx
1223 1167 1247 1199 li
1250 1190 1361 1199 .....
1408 1168 1450 1200 Et
1465 1168 1566 1200 eidem
1590 1179 1646 1209 pro
1662 1167 1814 1209 Exequiis
1829 1167 1912 1199 dicte

332 1225 458 1257 domine
475 1224 594 1266 Regine
610 1223 775 1256 celebratis
798 1224 831 1255 in
847 1223 977 1255 ecclesia
992 1222 1166 1255 cathedrali
1182 1223 1386 1255 Brechinensi
1410 1223 1442 1254 in
1467 1223 1678 1255 luminaribus
1700 1223 1828 1265 picturis
1843 1234 1912 1255 scu-

332 1286 436 1313 torum
452 1284 483 1313 et
498 1280 654 1322 stipendio
669 1279 878 1311 seruiencium
894 1290 934 1311 ex
949 1279 1200 1311 consideracione
1215 1279 1395 1311 auditorum
1412 1278 1500 1310 xxvii
1513 1289 1537 1310 s.
1554 1278 1602 1310 iiii
1612 1278 1631 1310 d
1636 1302 1744 1309 .....

332 1395 390 1426 No.
408 1395 479 1426 251,
764 1393 960 1433 Computum
986 1415 992 1422 .
1020 1415 1027 1421 .
1054 1415 1060 1421 .
1088 1415 1094 1421 .
1118 1390 1285 1432 receptoris
1314 1390 1480 1422 firmarum
1510 1390 1550 1421 de
1579 1390 1670 1430 Fyffe
1693 1416 1697 1420 .
1724 1413 1730 1420 .
1754 1413 1761 1420 .
1784 1413 1788 1418 .
1814 1390 1908 1421 Perth

719 1449 761 1480 20
775 1448 797 1480 J
800 1447 867 1479 unii
884 1448 968 1479 1464
972 1470 1083 1477 .....

375 1506 541 1547 Expense.
563 1529 570 1535 .
588 1531 593 1536 .
614 1504 681 1537 .Et
704 1504 806 1536 eidem
829 1514 884 1545 per
907 1502 1097 1534 solucionem
1121 1502 1239 1533 factam
1263 1501 1391 1532 domino
1414 1500 1554 1532 Henrico
1570 1500 1719 1543 Kingorn
1742 1501 1909 1532 senescallo

331 1562 456 1594 domine
478 1561 584 1602 regine
607 1560 688 1592 bone
710 1559 860 1591 memorie
883 1558 923 1590 ad
946 1568 1096 1600 expensas
1119 1556 1270 1589 domicilii
1293 1557 1420 1589 domine
1436 1556 1556 1598 Regine
1571 1559 1602 1588 et
1618 1560 1689 1598 post
1704 1556 1770 1588 eius
1786 1556 1909 1587 obitum

330 1618 369 1649 acl
382 1616 542 1658 Exeqnias
557 1620 589 1647 et
603 1614 758 1647 funeralia
773 1613 914 1645 eiusdem
930 1613 997 1655 ipso
1012 1624 1068 1654 per
1083 1623 1154 1644 suas
1170 1612 1275 1644 literas
1290 1615 1425 1644 testante
1441 1616 1601 1653 receptum
1618 1622 1711 1653 super
1725 1616 1906 1652 compotum

330 1672 429 1704 icxili.
447 1683 488 1703 xv
497 1682 521 1703 s.
539 1671 594 1703 viii
605 1671 636 1702 d.

332 1785 391 1816 No.
409 1785 479 1816 255.
764 1781 959 1822 Oomputum
977 1802 983 1808 .
1001 1805 1007 1811 .
1027 1802 1034 1809 .
1053 1802 1060 1809 .
1077 1778 1243 1820 receptoris
1259 1778 1423 1809 firmarum
1439 1781 1593 1809 terrarum
1609 1777 1647 1808 de
1664 1776 1799 1809 Leswalt
1816 1777 1904 1819 [ete]

717 1837 749 1868 in
770 1835 875 1867 warda
897 1833 1105 1867 existencium
1122 1860 1127 1865 .
1148 1856 1155 1864 .
1173 1856 1181 1864 .
1198 1857 1206 1864 .
1223 1832 1397 1875 Linlithqw
1419 1834 1460 1865 21
1484 1833 1507 1865 J
1509 1833 1576 1865 unii
1593 1834 1676 1864 1466
1693 1858 1699 1864 .
1717 1857 1723 1864 .
1741 1859 1748 1865 .
1768 1855 1775 1863 .
1791 1843 1811 1864 a
1827 1837 1906 1864 tem—

715 1902 790 1934 pore
806 1891 911 1923 obitus
926 1890 1052 1922 domine
1068 1889 1191 1931 Regine
1213 1889 1294 1921 bone
1316 1889 1466 1921 memorie
1482 1888 1520 1920 de
1536 1888 1628 1920 dictis
1650 1887 1740 1920 terris
1753 1888 1792 1919 de
1808 1887 1905 1919 Kirk-

715 1947 822 1979 andris
836 1946 892 1988 qui
908 1948 975 1977 erat
991 1945 1041 1976 die
1063 1945 1164 1986 primo
1180 1944 1363 1976 Decembris
1384 1955 1467 1976 anno
1483 1944 1676 1985 sexagesimo
1691 1946 1802 1984 quarto
1820 1967 1826 1973 .
1845 1966 1852 1973 .
1870 1969 1876 1975 .
1897 1967 1903 1973 .

716 2013 812 2045 vsque
827 2002 912 2034 diem
927 2001 1023 2032 huius
1038 2000 1186 2041 computi.

374 2061 516 2102 Expense
534 2083 540 2089 .
558 2085 564 2091 .
584 2059 672 2091 ..In
697 2058 809 2100 primis
835 2057 968 2089 allocate
994 2055 1192 2097 computanti
1216 2065 1270 2097 per
1295 2055 1515 2087 liberacionem
1543 2055 1658 2086 factam
1685 2054 1724 2085 ad
1751 2054 1901 2086 fabricam

329 2115 450 2156 collegii
466 2115 579 2147 Sancte
595 2113 762 2145 Trinitatis
785 2123 880 2154 prope
896 2110 1085 2152 Edinburgh
1107 2110 1146 2142 de
1169 2110 1267 2142 firmis
1290 2114 1445 2142 terrarum
1468 2110 1507 2142 de
1525 2109 1715 2141 Kirkandris
1737 2109 1903 2150 assignatis

328 2172 368 2202 ad
390 2170 543 2202 fabricam
565 2169 705 2201 ciusdem
726 2179 781 2210 per
797 2168 962 2199 dominum
979 2166 1098 2207 Regem
1121 2177 1221 2208 usque
1243 2168 1358 2198 etatem
1382 2165 1521 2197 eiusdem
1545 2164 1725 2206 quindecim
1746 2175 1901 2196 annorum

329 2225 430 2257 xxxiii
439 2225 471 2257 li.
489 2225 553 2256 vis.
571 2224 626 2256 viii
636 2224 665 2256 d.

331 2336 388 2367 No.
405 2336 476 2367 255.
759 2334 955 2375 Computum
977 2331 1134 2365 Johannis
1160 2332 1199 2363 de
1225 2330 1370 2362 Kincade
1396 2329 1561 2371 receptoris
1587 2329 1751 2360 firmarum
1779 2329 1899 2360 domini

713 2390 809 2421 nostri
825 2389 906 2430 regis
922 2389 1004 2420 infra
1021 2386 1248 2429 Lithqwschire
1266 2385 1426 2418 redditum
1441 2384 1556 2416 ibidem
1574 2385 1593 2415 3
1609 2384 1632 2416 J
1635 2383 1689 2415 ulii
1707 2384 1798 2416 1466.

372 2446 517 2487 Expense
534 2471 539 2476 .
560 2471 564 2476 .
585 2471 590 2476 .
611 2469 616 2474 .
635 2444 678 2476 Et
693 2445 793 2476 eidem
818 2444 856 2476 de
872 2444 970 2476 firmis
993 2447 1145 2475 terrarum
1162 2442 1200 2474 de
1217 2442 1403 2474 Gunstoune
1422 2443 1453 2472 et
1468 2439 1681 2481 Mannuellrig
1702 2449 1820 2470 necnon
1838 2445 1896 2471 ter-
