2147 2964
222 1859 286 1894 161

362 322 431 353 180
656 314 971 352 REGISTRUM
997 313 1253 352 ECCLESIE
1283 313 1626 351 COLLEGIATE

358 417 492 452 eisdem
507 429 573 464 pro
587 415 768 464 lapidibus
783 421 819 451 et
835 415 934 451 calce
950 414 1018 463 [ct]
1037 426 1149 449 arena
1163 414 1209 449 ad
1225 413 1498 449 edificacionem
1513 414 1599 449 dicti
1616 413 1760 459 collegii
1777 419 1812 448 et
1826 413 1929 447 vnius

358 484 442 520 fosl'e
471 497 535 533 per
565 484 698 519 dictum
732 490 873 532 tempus
903 483 971 518 vli.
1001 483 1077 518 vis.
1130 481 1178 517 Et
1206 495 1272 529 pro
1300 482 1416 517 tribus
1443 484 1535 517 ceris
1564 482 1673 518 certis
1701 482 1732 516 le
1751 481 1877 516 bandis
1895 487 1930 514 et

342 554 449 599 stolis
476 553 521 588 ad
549 558 673 600 portas
701 558 736 588 et
764 565 877 599 opera
904 551 991 587 diffti
1018 550 1163 598 collegii
1191 563 1256 598 per
1276 551 1413 586 di&um
1432 557 1573 599 tempus
1592 550 1706 586 xxxvi
1718 563 1742 585 s.
1798 550 1846 585 Et
1865 563 1931 597 pro

358 636 428 658 vna
446 622 529 658 alba
547 622 584 657 in
604 622 772 657 omnibus
792 620 957 668 expensis
976 620 1066 655 xxiii
1080 634 1107 655 s.
1161 619 1209 655 Et
1226 618 1400 654 Michaeli
1421 619 1546 655 Disart
1566 620 1685 654 eundo
1706 619 1751 654 ad
1770 618 1931 655 Ordines

356 704 379 726 x
392 704 419 726 s.
468 690 516 726 Et
534 690 772 726 seruitoribus
791 689 969 725 Willelmi
988 688 1155 736 Dalgleis
1175 690 1273 724 circa
1292 688 1565 724 edificacionem
1586 688 1679 723 ἀίἇὶε
1699 686 1847 723 ecclesie
1867 700 1932 735 per

357 766 498 806 tempus
530 758 689 806 compoti
722 758 863 793 xxxviii
877 771 904 793 s.
962 757 1010 793 Et
1040 770 1107 805 pro
1142 756 1374 804 imposicione
1406 763 1442 792 et
1474 757 1661 792 locacione
1695 757 1799 792 vuius
1836 756 1931 791 cerei

356 828 494 863 domini
521 827 778 875 gubernatoris
807 839 929 862 coram
957 826 1129 874 ymagine
1158 825 1271 860 Beate
1299 825 1419 860 Marie
1448 825 1544 860 infra
1571 825 1705 860 dietum
1735 824 1930 872 collegium

356 896 417 932 xix
429 910 456 931 s.
510 896 557 931 Et
586 909 653 943 pro
684 896 715 931 le
745 895 945 930 rauclzteris
974 901 1010 930 et
1043 893 1173 930 menfis
1206 906 1272 940 per
1303 893 1399 928 idem
1433 899 1575 940 tempus
1603 893 1692 928 xxiii
1708 906 1735 928 s.
1789 893 1838 928 Et
1866 905 1932 941 pro

355 964 617 1000 emendacione
637 977 804 1000 cerarum
832 963 990 998 clauium
1019 962 1133 998 clauis
1162 961 1364 997 collacione
1391 962 1608 997 fundatricis
1628 969 1663 997 et
1683 962 1762 997 aliis
1783 961 1932 997 minutis

354 1033 625 1082 particulariter
642 1032 855 1068 examinatis
874 1033 980 1079 super
999 1037 1206 1078 compotum
1227 1030 1320 1065 xliiii
1335 1044 1363 1066 s.
1407 1030 1455 1066 Et
1472 1031 1621 1066 domino
1636 1031 1778 1066 Jacobo
1795 1030 1929 1077 'Waldy

353 1104 391 1138 in
412 1108 646 1151 augmentum
666 1101 915 1137 edificacionis
942 1101 1001 1136 sue
1021 1112 1165 1135 camere
1185 1099 1311 1134 decem
1340 1099 1432 1134 libre
1458 1100 1533 1146 ipso
1552 1099 1719 1146 presente
1739 1105 1775 1134 et
1794 1099 1932 1134 fatente

353 1172 459 1219 super
487 1168 696 1218 comp‘otum
724 1169 795 1205 xli.
849 1169 897 1204 Et
925 1168 1073 1203 domino
1094 1166 1261 1202 Henrico
1282 1166 1501 1202 Hadintoun
1530 1167 1565 1202 in
1595 1173 1830 1214 augmentum
1860 1167 1933 1202 edi-

353 1240 539 1276 ficacionis
567 1239 626 1274 sue
655 1251 799 1274 camere
827 1237 900 1272 xli.
954 1237 1002 1272 Et
1030 1236 1178 1272 domino
1200 1235 1343 1271 Thome
1365 1235 1538 1270 Watsone
1566 1249 1614 1270 xx
1628 1248 1655 1270 s.
1709 1235 1757 1270 Et
1785 1236 1932 1270 domino

353 1308 536 1344 Willelmo
558 1306 720 1354 Tempill
739 1318 804 1353 pro
824 1305 1010 1341 laboribus
1031 1305 1101 1339 suis
1120 1317 1185 1351 per
1206 1310 1350 1351 tempus
1370 1304 1530 1351 compoti
1551 1317 1599 1339 xx
1613 1316 1639 1338 s.

456 1377 603 1412 Summa
622 1376 859 1423 expensarum
880 1374 956 1409 lxix
970 1373 1010 1408 li.
1030 1386 1078 1409 xv
1093 1386 1120 1408 s.
1142 1373 1190 1409 vii
1205 1373 1238 1407 d.
1259 1379 1294 1408 et
1315 1372 1360 1407 sic
1380 1373 1517 1407 restant
1539 1372 1621 1407 vili.
1640 1371 1741 1407 iiiid.

402 1445 609 1481 ‹IOHANNES
639 1443 773 1479 BRADY
800 1441 1003 1490 prepositus
1031 1454 1142 1477 manu
1195 1442 1439 1476 ALEXANDER
1460 1441 1632 1477 Pas-ma
1653 1454 1762 1476 manu
1785 1441 1933 1489 propria

452 1513 601 1561 propria
1194 1509 1363 1545 THOMAs
1385 1509 1498 1546 GULD
1520 1523 1630 1545 manu
1649 1510 1799 1557 propria

403 1582 606 1617 HEchUs
629 1581 891 1616 HADD1NTOUN
1193 1579 1365 1616 chonos
1388 1579 1547 1615 erma

400 1651 572 1686 JACOBUS
595 1648 790 1686 CHAUMAR
809 1661 919 1684 manu
938 1647 1085 1696 propria

354 1839 588 1895 CompowM
617 1855 837 1891 venerabilis
865 1861 901 1890 et
932 1854 1072 1902 egregii
1105 1854 1172 1889 viri
1205 1854 1368 1901 magistri
1397 1853 1579 1889 Johannis
1608 1853 1732 1902 Brady
1760 1855 1930 1903 prepositi

357 1925 505 1962 ecclesie
525 1925 718 1972 collegiate
741 1923 874 1960 Sancte
891 1923 1085 1958 Trinitatis
1104 1935 1217 1970 prope
1236 1922 1455 1970 Edinburgh
1475 1922 1658 1957 redditum
1677 1923 1774 1970 apud
1794 1923 1929 1958 distum

356 1994 551 2042 collegium
569 1993 688 2041 primo
708 1993 767 2028 die
795 1991 925 2027 mensis
946 1991 1117 2028 Octobris
1145 2004 1241 2026 anno
1261 1991 1415 2026 Domini
1437 1990 1623 2026 millesimo
1642 1991 1929 2039 quingentesimo

355 2063 497 2098 decimo
518 2065 645 2098 octauo
665 2062 709 2097 de
730 2061 898 2097 omnibus
921 2060 1080 2108 receptis
1100 2059 1170 2095 suis
1189 2066 1224 2095 et
1244 2060 1409 2106 expensis
1430 2059 1601 2095 videlicet
1621 2060 1666 2094 de
1684 2059 1796 2095 firmis
1816 2066 1928 2095 terra-

355 2143 436 2166 rum
456 2131 499 2166 de
520 2130 694 2166 Ballerno
723 2137 757 2166 ct
777 2129 971 2177 Lumphoy
992 2129 1037 2163 de
1057 2141 1128 2163 vno
1156 2127 1312 2163 termino
1332 2127 1504 2163 videlicet
1522 2127 1781 2163 Penthecostes
1806 2128 1928 2163 imme-

356 2199 454 2233 diate
493 2198 714 2245 precedente
755 2197 824 2232 hoc
867 2202 1075 2244 compotum
1120 2208 1244 2231 coram
1280 2196 1508 2232 auditoribus
1547 2195 1799 2243 prebendariis
1840 2195 1926 2230 difti

357 2265 514 2313 collegii.

358 2334 461 2369 Idem
481 2340 609 2369 onerat
628 2334 661 2368 se
680 2334 725 2368 de
744 2332 794 2368 xii
809 2333 846 2368 li.
870 2332 943 2368 vis.
965 2332 1024 2368 viii
1037 2332 1072 2367 d.
1092 2332 1137 2367 de
1155 2332 1270 2367 firmis
1290 2333 1466 2368 dictarum
1493 2338 1673 2367 terrarum
1689 2331 1733 2365 de
1756 2330 1925 2366 Ballerno

359 2407 393 2436 et
412 2400 605 2448 Lumphoy
625 2401 669 2436 de
690 2402 785 2437 dicto
806 2401 963 2436 termino
983 2400 1254 2436 Penthecostes.

458 2467 604 2504 Summa
620 2469 726 2504 huius
746 2469 976 2504 oneracionis
994 2474 1106 2515 patet.
