2147 2964
209 2078 267 2109 50.

308 275 355 308 42
772 269 839 305 RE
845 267 1087 305 GISTRUM
1118 266 1424 304 CARTARUM

307 371 462 407 heredes
480 382 580 405 meos
598 369 863 417 imperpetuum
884 367 1001 404 teneri
1023 372 1060 404 et
1077 379 1143 415 per
1161 366 1348 414 presentes
1365 365 1520 401 firmiter
1539 363 1691 411 obligari
1710 362 1883 411 magistro

309 446 345 476 et
372 439 545 475 fratribus
573 437 701 473 domus
736 436 867 473 Sauene
895 436 1093 472 Trinitatis
1120 436 1166 471 de
1195 434 1316 471 Soltre
1347 434 1387 470 in
1413 433 1563 469 dimidia
1589 445 1714 469 marca
1740 431 1884 480 argenti

309 508 456 544 nomine
476 507 587 543 annui
606 506 772 541 redditus
794 518 861 554 pro
881 505 1044 552 quinque
1071 504 1166 540 acris
1191 509 1289 540 terre
1309 516 1398 551 quas
1417 508 1544 539 tenent
1563 502 1669 549 super
1690 500 1886 549 Qwhytrig

308 590 375 624 per
394 582 513 612 cartas
533 575 613 611 suas
633 574 684 610 eis
712 574 897 610 confectas
923 573 1021 609 infra
1047 578 1295 608 tenementum
1315 572 1360 607 de
1380 570 1542 607 Ilestoun
1561 570 1736 605 soluenda
1755 568 1886 605 eisdem

311 646 369 681 vel
387 646 448 680 suo
468 649 653 680 attornato
672 655 738 691 per
755 655 883 678 manus
901 642 1027 678 balliui
1051 641 1123 676 mei
1143 640 1201 677 vel
1226 640 1404 676 heredum
1425 652 1589 674 meorum
1609 638 1767 674 eiusdem
1787 643 1887 673 tene-

310 713 424 750 menti
451 713 660 760 quicunque
688 711 798 746 fuerit
827 723 894 758 pro
921 717 1086 758 tempore
1115 710 1163 745 ad
1191 709 1281 745 duos
1313 709 1401 744 anni
1430 708 1605 744 terminos
1638 706 1810 742 videlicet
1841 706 1887 741 ad

310 781 554 818 Pentecosten
582 786 656 816 tres
683 780 816 815 solidos
843 786 880 815 et
907 785 1064 826 quatuor
1084 778 1255 814 denarios
1283 784 1319 814 et
1345 778 1393 813 ad
1424 776 1551 812 festum
1581 775 1703 812 saneti
1734 774 1888 811 Martini

311 852 348 886 in
374 850 506 898 hyeme
534 848 741 896 proximum
771 847 924 895 sequens
952 853 1026 882 tres
1054 846 1184 881 solidos
1211 852 1247 882 et
1274 851 1432 893 quatuor
1451 845 1619 880 denarios
1646 857 1711 893 per
1731 843 1889 892 singulos

312 932 428 955 annos
441 939 448 947 -
468 918 516 953 Et
536 917 560 952 fi
581 917 771 964 contingat
791 929 847 951 me
868 915 923 951 vel
949 915 1102 950 heredes
1121 927 1220 950 meos
1239 915 1283 950 ad
1304 914 1480 950 terminos
1499 913 1720 961 prescriptos
1739 913 1777 948 in
1797 912 1889 948 solu-

314 988 418 1023 cione
438 986 525 1022 dieti
553 985 665 1020 annui
692 984 857 1020 redditus
877 984 1034 1019 deficere
1054 990 1090 1019 et
1116 982 1329 1031 magistrum
1350 989 1385 1018 et
1404 983 1536 1017 fratres
1556 981 1613 1017 vcl
1632 993 1758 1017 eorum
1779 986 1890 1017 attor-

313 1062 442 1092 natum
474 1054 607 1090 dictum
638 1053 823 1089 redditum
857 1058 1053 1099 querentes
1084 1051 1141 1087 vel
1177 1058 1391 1099 querentem
1421 1063 1489 1098 pro
1522 1050 1667 1085 defefi’m
1698 1048 1891 1084 solucionis

315 1136 456 1160 moram
484 1123 630 1159 trahere
658 1121 717 1157 vel
745 1121 919 1168 expensas
946 1121 1069 1156 facere
1097 1119 1180 1155 volo
1210 1127 1246 1155 et
1273 1119 1436 1155 concedo
1464 1131 1532 1166 pro
1556 1130 1613 1153 me
1641 1123 1676 1153 et
1695 1116 1892 1152 heredibus

315 1193 404 1229 meis
422 1192 520 1240 quod
540 1191 623 1226 dieti
643 1189 814 1238 magister
833 1195 869 1225 et
887 1189 1020 1224 fratres
1040 1195 1174 1224 terram
1193 1188 1291 1223 suam
1309 1187 1450 1223 intrent
1469 1192 1505 1222 et
1522 1186 1672 1234 pacifice
1691 1185 1893 1233 poffideant

317 1268 450 1297 extunc
473 1267 509 1296 et
536 1259 697 1295 assedere
726 1258 874 1293 valeant
901 1256 1106 1303 cuicunque
1134 1255 1317 1291 voluerint
1345 1254 1419 1290 fine
1443 1254 1567 1301 aliqua
1594 1254 1893 1289 contradiccione

319 1330 375 1366 vel
405 1327 690 1377 perturbacione
722 1326 793 1361 mei
824 1325 883 1361 vel
912 1325 1091 1360 heredum
1119 1336 1285 1359 meorum
1312 1344 1320 1352 ·
1351 1322 1395 1358 In
1428 1322 1529 1358 cuius
1559 1321 1613 1357 rei
1648 1322 1895 1357 testimonium

317 1398 502 1446 presentes
530 1396 655 1432 literas
682 1393 882 1429 munimine
909 1392 1013 1440 sigilli
1038 1392 1109 1427 mei
1136 1392 1327 1428 roboratas
1352 1391 1485 1427 eisdem
1513 1391 1583 1427 feci
1611 1396 1779 1438 patentes
1797 1412 1805 1419 ·
1825 1390 1896 1426 hiis

317 1466 466 1502 testibus
493 1464 640 1500 domino
670 1462 830 1511 Symone
858 1461 903 1496 de
928 1460 1085 1496 VVedale
1112 1460 1243 1496 abbate
1273 1459 1405 1496 Sanfite
1435 1459 1564 1496 Crucis
1592 1460 1637 1495 de
1665 1459 1896 1508 Edynburgh

319 1534 468 1570 domino
488 1532 676 1569 Willelmo
704 1532 749 1566 de
772 1530 961 1579 Eglissiam
990 1529 1251 1565 archidiacono
1280 1528 1472 1564 Laudonie
1501 1529 1649 1564 domino
1669 1528 1832 1564 Roberto
1852 1528 1897 1563 de

320 1603 420 1640 Keth
439 1601 658 1638 Marescallo
680 1599 809 1637 Scocie
837 1599 986 1634 domino
1007 1599 1171 1634 Roberto
1199 1598 1244 1633 de
1263 1597 1458 1634 Laweddir
1485 1597 1684 1633 iusticiario
1704 1597 1897 1633 Laudonie

321 1671 469 1707 domino
489 1669 705 1706 Alexandro
725 1669 770 1704 de
792 1667 930 1704 Setoun
957 1666 1128 1715 magistro
1150 1666 1295 1702 Thoma
1313 1666 1462 1702 Extoun
1481 1666 1625 1702 officiali
1647 1665 1897 1701 archidiaconi

320 1739 512 1776 Laudonie
539 1737 712 1786 magistro
732 1736 950 1772 Alexandro
977 1735 1022 1771 de
1050 1735 1308 1785 Reclynetoun
1335 1742 1514 1783 perpetuo
1542 1735 1680 1771 vicario
1709 1735 1753 1770 de
1772 1734 1897 1782 Edyn-

322 1809 441 1857 burgh
461 1814 497 1844 et
515 1806 638 1843 multis
657 1805 747 1842 aliis.

327 1958 441 1995 Carta
458 1955 645 2004 Radulphi
665 1955 803 1991 domini
822 1954 867 1991 de
888 1954 1122 2003 Cranystoun
1142 1954 1187 1989 de
1206 1952 1316 1989 certis
1337 1952 1446 1989 terris
1465 1952 1503 1988 in
1521 1951 1708 1988 territorio
1727 1950 1894 1987 eiusdem.

329 2065 525 2121 Omnibus
547 2079 681 2117 Christi
699 2079 868 2115 fidelibus
887 2079 1089 2127 presentem
1109 2082 1247 2114 cartam
1268 2076 1394 2112 visuris
1411 2075 1470 2111 vel
1489 2074 1667 2111 audituris
1682 2073 1898 2121 Radulphus

327 2150 496 2185 dominus
515 2149 560 2184 de
581 2147 817 2196 Cranystoun
840 2147 991 2182 salutem
1014 2147 1053 2182 in
1072 2146 1235 2182 Domino
1255 2166 1262 2173 ·
1283 2144 1474 2180 Noueritis
1501 2156 1558 2178 me
1581 2155 1648 2190 pro
1666 2155 1723 2177 me
1742 2147 1779 2177 et
1796 2141 1899 2177 here-

328 2218 432 2253 dibus
457 2217 546 2253 meis
574 2216 698 2252 diuine
726 2215 890 2251 caritatis
917 2215 1051 2251 intuitu
1079 2221 1115 2250 et
1140 2226 1206 2262 pro
1226 2212 1415 2249 animabus
1433 2211 1694 2247 antecessorum
1712 2216 1748 2245 et
1766 2210 1900 2245 succes-

328 2286 448 2320 sorum
466 2297 630 2321 meorum
649 2283 783 2320 dedifl'e
803 2282 1007 2319 eonceffiss'e
1026 2289 1062 2319 et
1079 2283 1149 2318 hac
1169 2288 1270 2318 carta
1287 2294 1369 2317 mea
1387 2278 1611 2316 confirmasse
1629 2278 1752 2314 domui
1769 2277 1899 2315 Sauene

332 2353 522 2388 Trinitatis
550 2353 594 2388 de
624 2352 743 2389 Soltre
771 2358 807 2387 et
833 2351 1007 2387 fratribus
1037 2351 1170 2387 ibidem
1197 2349 1281 2385 Deo
1305 2349 1543 2385 seruientibus
1571 2353 1607 2383 et
1632 2347 1900 2394 imperpetuum

332 2420 414 2456 Deo
441 2420 626 2455 seruituris
653 2420 689 2455 in
716 2432 844 2467 puram
872 2425 908 2455 et
934 2424 1148 2467 perpetuam
1176 2417 1396 2454 elimosinam
1428 2422 1540 2453 totam
1573 2422 1707 2452 terram
1735 2414 1835 2450 illam
1861 2414 1900 2449 in
