2147 2964
222 1271 280 1302 55.

330 284 376 316 48
783 273 1101 312 REGISTRUM
1130 271 1435 310 CARTARUM

330 384 482 426 petuum
502 398 509 405 ·
530 377 578 412 Et
597 389 665 424 ego
686 375 850 411 Michael
878 380 913 411 et
939 373 1096 409 heredes
1114 372 1187 408 mei
1207 372 1341 408 dietam
1360 370 1625 407 conceffionem
1646 383 1688 406 ac
1706 370 1910 418 presentem

330 460 449 483 meam
465 445 787 482 confirmacionem
808 450 882 480 tam
897 442 1047 480 ecclesie
1063 454 1171 490 quam
1191 440 1352 475 omnium
1372 439 1528 475 aliorum
1544 438 1580 474 in
1596 438 1694 474 diua
1708 444 1811 474 carta
1826 450 1910 474 con-

331 522 517 552 tentorum
548 514 724 562 prediuis
756 513 931 549 fratribus
960 518 996 548 et
1024 523 1150 548 eorum
1181 509 1438 546 suecessoribus
1470 514 1600 545 contra
1629 520 1754 544 omnes
1782 514 1911 556 gentes

333 583 653 620 warantizabimus
666 581 955 629 acquietabimus
967 586 1002 617 et
1018 581 1287 628 imperpetuum
1300 578 1538 614 defendemus
1551 598 1558 605 ·
1571 577 1616 613 In
1630 577 1733 613 cuius
1746 577 1799 612 rei
1814 576 1910 612 testi-

332 653 494 689 monium
514 651 599 687 huic
617 651 777 700 presenti
797 656 898 687 carte
916 663 996 686 mee
1016 649 1172 698 sigillum
1199 660 1321 685 meum
1347 648 1497 696 apposui
1516 668 1523 676 ·
1543 648 1614 683 hiis
1633 648 1783 683 testibus
1803 659 1910 682 vene-

333 721 438 757 rabili
457 721 495 756 in
517 719 664 756 Christo
686 725 791 767 patre
811 719 959 753 domino
978 717 1004 753 J
1007 718 1122 753 acobo
1142 718 1308 766 episcopo
1331 716 1593 753 Sanfflziandree
1620 715 1802 751 nobilibus
1822 715 1910 751 viris

334 790 491 827 dominis
528 788 673 824 Thema
708 787 923 834 Randulphi
959 787 1093 823 comite
1126 786 1296 822 Morauic
1333 785 1480 821 domino
1512 784 1633 821 Vallis
1665 783 1838 819 Anandie
1875 790 1910 819 et

335 858 488 894 Mannie
506 857 692 893 Duneano
720 856 852 892 comite
875 856 920 891 de
939 854 1045 903 Fyffe
1065 855 1250 891 Michaele
1273 854 1360 891 Scot
1378 854 1506 890 Dauid
1524 855 1569 889 ‹le
1590 853 1741 902 lVemys
1761 853 1909 888 consan-

334 927 469 975 guineo
488 938 569 962 meo
587 925 764 961 militibus
782 924 910 960 Dauid
928 924 973 959 de
991 923 1246 971 Louchqwore
1267 923 1423 959 Andrea
1441 923 1487 958 de
1508 922 1644 971 Spensa
1662 929 1699 958 et
1717 921 1810 958 aliis.

339 1075 643 1124 [Instrumentum
674 1072 852 1108 Willehni
881 1072 926 1108 de
958 1071 1194 1120 Cranystoun
1225 1071 1360 1106 notarii
1392 1072 1437 1107 de
1469 1071 1694 1119 transumpto
1727 1076 1909 1106 cartarum

336 1143 612 1192 precedentium
630 1155 696 1191 per
715 1142 749 1177 se
768 1140 894 1189 faeta]

338 1253 392 1306 In
411 1268 484 1304 Dei
502 1267 650 1302 nomine
675 1278 781 1300 amen
801 1285 809 1292 ·
830 1263 1015 1299 Nouerint
1034 1262 1191 1299 vniuerfi
1218 1275 1276 1298 me
1300 1261 1485 1297 notarium
1512 1262 1752 1309 subscriptum
1778 1262 1816 1297 in
1834 1275 1913 1310 pre-

338 1337 459 1373 sencia
490 1335 633 1372 testium
666 1332 948 1380 subscriptorum
980 1330 1106 1367 vidisse
1142 1337 1178 1367 et
1208 1330 1367 1379 palpasse
1399 1336 1435 1366 et
1466 1331 1511 1366 de
1541 1331 1653 1366 verbo
1684 1330 1732 1365 ad
1762 1331 1913 1366 verbum

337 1404 459 1453 legisse
479 1403 652 1451 quasdam
681 1407 801 1437 cartas
829 1406 865 1435 et
894 1399 1106 1435 euidencias
1133 1399 1258 1434 domui
1287 1400 1332 1434 de
1362 1398 1482 1435 Soltre
1512 1405 1548 1435 et
1575 1399 1750 1435 fratribus
1779 1399 1913 1435 ibidem

337 1474 419 1509 Deo
442 1471 684 1508 seruientibus
710 1474 745 1505 et
772 1469 1042 1516 imperpetuum
1073 1467 1263 1503 seruituris
1288 1468 1391 1503 datas
1419 1472 1455 1503 et
1480 1467 1663 1503 concessas
1689 1468 1914 1516 presentatas

338 1542 425 1578 mihi
452 1539 596 1576 notario
623 1537 819 1585 subscripto
846 1549 913 1584 per
938 1535 1147 1583 religiosum
1168 1535 1286 1571 virum
1310 1535 1461 1572 fratrem
1481 1535 1663 1571 Thomam
1682 1536 1727 1571 de
1747 1536 1914 1572 Aldtoun

339 1619 426 1647 tunc
445 1608 620 1657 temporis
639 1605 853 1654 magistrum
869 1605 962 1640 dicte
981 1604 1110 1639 domus
1129 1604 1192 1640 sub
1212 1605 1329 1640 forma
1345 1603 1493 1651 publica
1508 1604 1709 1652 copiandas
1724 1604 1914 1640 videlicet·

341 1679 493 1716 Cartam
512 1674 809 1713 confirmacionis
832 1673 982 1709 ecclesie
1002 1673 1047 1708 de
1067 1672 1220 1721 Wemys
1245 1686 1311 1721 per
1332 1672 1528 1709 Gamelum
1548 1673 1754 1721 episcopum
1777 1672 1914 1710 53,ηᾶὶί-

340 1748 477 1784 andree
496 1766 503 1773 ·
524 1745 676 1782 Cartana
697 1741 992 1779 confirmacionis
1011 1740 1160 1777 ecclesie
1180 1742 1225 1777 de
1247 1741 1349 1778 Orde
1375 1754 1440 1790 per
1459 1741 1688 1778 Willelmum
1706 1741 1914 1789 episcopum

344 1815 604 1863 Glasguensem
635 1834 643 1842 ·
678 1812 827 1849 Cartam
865 1809 1014 1846 ecclesie
1051 1810 1096 1845 de
1142 1809 1549 1858 Strathechinmartyne
1591 1822 1657 1857 per
1688 1808 1915 1845 Willelmum

342 1885 549 1933 episcopum
580 1881 845 1919 Sanfflandree
873 1901 881 1908 ·
912 1878 1062 1916 Cartam
1093 1879 1309 1915 donacionis
1338 1878 1488 1915 ecclesie
1519 1879 1565 1914 de
1594 1877 1823 1926 Lympetlaw
1850 1891 1915 1926 per

342 1954 543 1991 Ricardum
577 1951 768 1998 Germyne
792 1970 800 1978 ·
828 1947 980 1985 Cartam
1011 1946 1305 1983 confirmacionis
1336 1946 1486 1983 ecclesie
1516 1947 1561 1982 de
1594 1945 1821 1994 Ormystoun
1850 1959 1915 1995 per

344 2022 572 2059 XVillehnum
599 2020 809 2067 episcopum
830 2016 1093 2054 Sanctiandree
1112 2037 1120 2045 ·
1143 2015 1293 2052 Cartam
1312 2015 1452 2051 domini
1470 2014 1647 2051 Willelmi
1671 2014 1767 2062 regis
1787 2014 1916 2051 Scocie

344 2093 388 2128 de
417 2090 569 2127 diuersis
585 2087 788 2137 priuilegiis
819 2107 826 2114 ·
858 2086 1008 2123 Cartam
1041 2085 1138 2134 regis
1170 2083 1378 2120 Alexandri
1412 2084 1458 2119 de
1493 2083 1697 2119 donacione
1733 2090 1916 2119 terrarum

346 2161 620 2207 Brothirstanys
647 2157 858 2205 Gillystoun
884 2163 920 2191 et
949 2153 1140 2191 Soltrehill
1158 2173 1165 2181 ·
1186 2152 1337 2189 Cartam
1364 2151 1571 2188 Alexandri
1601 2151 1699 2199 regis
1730 2151 1776 2187 de
1804 2152 1917 2188 dona-

346 2230 450 2265 cione
482 2227 632 2264 dimidie
664 2225 787 2262 celdre
815 2224 934 2260 farine
966 2235 1167 2259 auenarum
1198 2222 1244 2257 de
1275 2220 1487 2256 molendino
1513 2220 1559 2255 de
1587 2219 1710 2255 Peblis
1735 2239 1744 2247 ·
1764 2218 1915 2256 Cartam

347 2297 553 2333 Alexandri
580 2296 678 2343 regis
703 2295 748 2330 de
774 2293 908 2329 natiuis
936 2298 972 2328 et
990 2291 1156 2339 fugitiuis
1175 2311 1183 2319 ·
1205 2289 1486 2337 Obligacionem
1504 2287 1630 2323 Dauid
1648 2287 1693 2322 de
1713 2287 1852 2324 Grame
1871 2288 1915 2324 de

347 2366 499 2401 dimidia
525 2378 650 2400 marca
678 2365 723 2400 de
747 2362 955 2398 Elotistoun
975 2382 982 2390 ·
1005 2360 1156 2397 Cartam
1184 2357 1336 2394 Viniani
1367 2357 1428 2405 [de
1455 2354 1658 2403 Mulineys]
1688 2355 1734 2390 de
1762 2354 1915 2391 dimidia

349 2440 522 2469 carucata
551 2439 648 2468 terre
678 2433 723 2468 de
757 2430 961 2468 Sauldtoun
992 2450 1000 2458 ·
1028 2428 1176 2465 Cartam
1210 2427 1319 2462 aliam
1350 2425 1437 2461 dieti
1470 2423 1623 2461 Viniani
1655 2424 1700 2459 de
1732 2423 1839 2459 terris
1871 2425 1915 2460 de
