2147 2964
201 442 270 477 160·

333 276 403 310 136
637 271 955 309 REGISTRUM
983 269 1234 308 ECCLESIE
1264 270 1608 307 COLLEGIATE

335 425 571 478 COMPOTUM
591 439 822 475 dominorum
835 438 1011 474 Willelmi
1027 439 1189 486 Tempill
1207 445 1242 474 et
1259 438 1413 486 Georgii
1430 437 1658 485 Clapertoun
1680 443 1909 485 receptorum

333 509 561 557 generalium
580 508 768 544 firmarum
797 507 947 543 ecclesie
975 507 1021 542 de
1040 507 1209 543 Kirkurd
1237 514 1272 542 et
1300 506 1394 542 reste
1414 513 1597 542 terrarum
1618 507 1662 541 de
1684 505 1858 541 Ballerno
1877 513 1911 541 et

336 578 532 626 Lumphoy
552 591 595 614 ac
613 579 801 613 firmarum
821 582 1002 612 terrarum
1023 576 1068 611 de
1088 576 1121 610 le
1142 575 1221 610 Hill
1248 575 1432 610 redditum
1453 575 1550 622 apud
1571 574 1764 621 collegium
1783 573 1913 610 Sanfflz

336 647 532 683 Trinitatis
560 659 674 694 prope
702 645 923 692 Edinburgh
952 658 1017 692 per
1045 644 1188 680 eosdem
1216 644 1358 679 decimo
1387 645 1515 679 οᾶὶαῑιο
1543 643 1602 678 die
1630 642 1760 678 mensis
1780 642 1913 678 Marcii

336 728 433 751 auno
452 715 605 750 Domini
633 713 821 749 millesimo
849 712 1138 761 quingentesimo
1160 711 1325 747 vicesimo
1345 712 1390 747 de
1411 712 1578 747 omnibus
1606 711 1762 758 receptis
1788 711 1859 746 suis
1879 718 1913 746 et

336 784 499 832 expensis
520 796 586 831 per
604 783 725 818 firmas
745 783 840 818 dicte
859 781 1010 818 ecclesie
1029 788 1064 817 et
1092 787 1275 816 terrarum
1303 792 1324 815 a
1346 780 1405 815 die
1425 782 1553 815 octauo
1573 779 1702 814 mensis
1721 778 1914 814 Februarii

337 853 424 888 anni
443 852 596 888 Domini
616 857 686 887 etc.
708 850 986 898 quingentesimi
1004 849 1134 885 decimi
1161 848 1249 884 noni
1271 848 1377 895 vsque
1399 849 1435 883 in
1456 848 1552 883 diem
1571 847 1678 883 huius
1698 848 1858 894 compoti
1879 855 1913 883 et

336 921 383 957 sic
404 921 448 956 de
469 920 610 955 duobus
637 919 804 955 terminis
832 918 1005 954 videlicet
1032 917 1294 953 Penthecostes
1322 923 1357 952 et
1387 916 1511 952 San&i
1539 915 1693 951 Martini
1721 915 1819 950 infra
1846 915 1914 950 hoc

337 995 546 1036 compotum
577 987 803 1036 presentibus
834 987 982 1022 domino
1011 986 1193 1033 preposito
1226 992 1261 1021 et
1290 985 1544 1032 prebendariis
1577 985 1806 1020 auditoribus
1838 984 1914 1019 sub-

336 1058 477 1105 scriptis
498 1057 682 1093 videlicet.

338 1126 455 1162 Iidem
476 1131 631 1161 onerant
649 1126 683 1160 se
702 1126 740 1160 in
760 1125 887 1172 primis
907 1125 951 1159 de
972 1123 1036 1159 viii
1046 1123 1083 1158 li.
1113 1136 1158 1158 xx
1173 1124 1206 1157 d.
1237 1123 1281 1157 de
1302 1122 1415 1158 vltimi
1445 1123 1603 1169 compoti
1624 1123 1675 1157 sui
1696 1130 1733 1158 vt
1757 1129 1859 1169 patet
1880 1123 1913 1157 in

338 1195 431 1242 pede
458 1194 615 1230 eiusdem
635 1217 641 1223 -
665 1194 714 1230 Et
733 1194 777 1229 de
797 1193 858 1228 lli.
888 1193 933 1227 de
960 1192 1073 1227 firmis
1100 1192 1256 1227 refiwrie
1284 1192 1329 1227 de
1348 1190 1517 1226 Kirkvrd
1544 1192 1701 1238 receptis
1727 1205 1747 1226 a
1767 1192 1915 1227 domino

339 1263 554 1299 Alexandro
577 1262 679 1298 Scott
697 1261 856 1297 firmario
877 1260 1037 1296 eiusdem
1056 1260 1101 1295 de
1124 1259 1228 1294 diffis
1248 1259 1389 1294 duobus
1408 1259 1576 1294 terminis
1596 1260 1756 1306 compoti
1776 1281 1783 1287 ·
1804 1259 1852 1295 Et
1871 1260 1915 1295 de

340 1399 417 1434 Hill
439 1399 612 1435 Ballerno
640 1404 676 1434 et
695 1397 887 1444 Lumphoy
908 1397 952 1431 de
981 1396 1087 1431 diffitis
1110 1395 1251 1430 duobus
1279 1395 1445 1431 terminis
1473 1395 1633 1442 compoti
1654 1423 1661 1430 .
1682 1395 1729 1431 Et
1749 1396 1794 1431 de
1813 1395 1867 1431 iiii
1879 1396 1911 1431 li.

340 1468 378 1502 iii
391 1481 418 1502 s.
440 1467 484 1502 de
504 1466 702 1502 maioribus
720 1465 973 1500 oblacionibus
992 1464 1086 1499 (Ιίἇὶε
1112 1463 1263 1500 ecclesie
1283 1464 1478 1512 collegiate
1497 1477 1563 1511 per
1582 1470 1725 1511 tempus
1745 1466 1913 1513 compoti.

441 1536 590 1572 Summa
608 1535 715 1570 huius
735 1534 967 1570 oneracionis
985 1533 1110 1569 lxxxvi
1121 1533 1156 1568 li.
1177 1532 1267 1568 iiiis.
1289 1532 1348 1567 viii
1361 1533 1396 1567 d.

340 1604 506 1652 Expense
538 1604 739 1639 eorundem
760 1632 765 1638 .
786 1602 830 1638 In
862 1602 988 1650 primis
1024 1602 1230 1637 allocantur
1264 1602 1558 1649 compotantibus
1594 1615 1659 1649 per
1695 1602 1916 1638 solucionem

339 1675 470 1709 fafitam
497 1672 640 1709 Jacobo
668 1671 762 1707 Blak
794 1671 920 1707 latimo
948 1670 1144 1717 principali
1175 1670 1262 1705 dieti
1295 1670 1442 1718 collegii
1472 1670 1694 1717 percipienti
1726 1672 1915 1707 annuatim

339 1755 405 1789 pro
426 1742 460 1776 se
480 1747 515 1777 et
534 1741 710 1776 seruitore
738 1741 800 1775 suo
823 1739 1026 1775 octodecim
1053 1738 1164 1774 libras
1192 1739 1383 1774 tresdecim
1412 1738 1544 1774 solidos
1569 1744 1603 1774 et
1632 1745 1788 1786 quatuor
1807 1740 1917 1775 dena-

341 1812 414 1846 rios
432 1823 499 1857 pro
519 1822 647 1845 eorum
674 1808 861 1844 laboribus
889 1808 986 1855 apud
1014 1807 1146 1842 dietam
1174 1806 1361 1843 ecclesiam
1387 1807 1432 1842 de
1460 1807 1566 1842 dietis
1586 1807 1726 1843 duobus
1751 1809 1916 1844 terminis

342 1879 501 1926 compoti
529 1877 668 1913 xviiili.
697 1876 800 1912 xiiis.
830 1876 883 1912 iiii
896 1877 927 1912 d.
982 1875 1029 1911 Et
1059 1875 1176 1911 eidem
1201 1875 1343 1910 Jacobo
1374 1887 1442 1922 pro
1469 1874 1655 1910 laboribus
1681 1876 1753 1910 suis
1780 1889 1801 1911 a
1827 1875 1916 1911 festo

342 1947 479 1983 Paschc
507 1946 594 1982 anni
626 1952 695 1982 etc.
725 1945 767 1981 vci
794 1945 856 1981 xix
886 1944 997 1992 usque
1025 1944 1072 1980 ad
1098 1944 1226 1979 festum
1251 1943 1512 1979 Penthecostes
1539 1942 1626 1978 inde
1652 1944 1805 1990 sequens
1832 1953 1916 1980 ante

343 2016 478 2051 dietum
505 2016 663 2062 primum
691 2014 888 2050 terminum
913 2013 1021 2048 huius
1049 2011 1206 2059 compoti
1234 2011 1318 2046 iiili.
1346 2011 1420 2046 vis.
1451 2011 1512 2046 viii
1525 2011 1559 2046 d.
1616 2011 1663 2047 Et
1690 2012 1824 2048 eisdem
1851 2025 1917 2060 per

342 2084 564 2119 solucionem
591 2083 720 2118 factam
741 2082 890 2117 domino
911 2081 1053 2116 Thome
1073 2080 1173 2116 Guld
1199 2079 1443 2127 prebendario
1471 2079 1558 2115 (Ιίἃί
1585 2079 1731 2128 collegii
1758 2092 1825 2127 pro
1849 2081 1917 2116 sus-

343 2151 553 2186 tentacione
573 2163 772 2198 puerorum
791 2150 837 2185 ad
857 2149 1088 2184 seruiendum
1108 2148 1145 2183 in
1165 2148 1261 2183 dieto
1281 2147 1436 2195 collegio
1455 2147 1744 2194 percipiencium
1763 2147 1801 2182 in
1820 2160 1916 2183 anno

346 2219 404 2254 sex
422 2219 533 2254 libras
553 2219 686 2254 solutas
705 2218 824 2254 eidem
851 2217 1000 2252 nomine
1028 2224 1064 2252 et
1091 2229 1136 2252 ex
1161 2222 1266 2263 parte
1285 2215 1372 2251 (11ἂί
1391 2215 1530 2250 domini
1557 2214 1729 2262 prepositi
1748 2215 1792 2250 de
1812 2216 1916 2251 dietis

346 2287 511 2322 terminis
539 2286 697 2334 compoti
725 2286 810 2321 vili.
864 2285 913 2320 Et
939 2284 1103 2320 similiter
1132 2284 1246 2320 solute
1264 2283 1428 2320 Johanni
1458 2282 1653 2318 Howisone
1681 2284 1822 2319 cantori
1849 2297 1916 2331 pro

348 2353 498 2388 seruicio
518 2355 579 2389 suo
605 2354 642 2389 in
670 2353 767 2389 (11ἂο
795 2353 950 2400 collegio
978 2352 1126 2388 nomine
1154 2351 1326 2400 prepositi
1354 2358 1393 2387 vt
1420 2352 1528 2398 supra
1555 2351 1599 2385 de
1627 2350 1732 2386 djffls
1751 2352 1917 2388 terminis

348 2421 504 2468 compoti
521 2421 572 2456 iiii
584 2421 621 2456 li.
643 2421 746 2457 cuius
765 2420 951 2468 disposicio
979 2420 1139 2468 pertinet
1166 2418 1349 2467 preposito
1369 2441 1374 2446 ·
1396 2418 1443 2454 Et
1462 2430 1527 2466 per
1546 2418 1766 2454 solucionem
1786 2419 1915 2456 fafitam
