2147 2964
203 1230 249 1260 44

311 314 376 345 llo
612 306 926 344 REGISTRUM
954 304 1205 343 ECCLESIE
1235 303 1577 341 COLLEGIATE

306 438 312 443 .
335 437 342 443 .
365 437 371 443 .
391 409 487 443 infra
515 407 807 442 vicecomitatum
836 406 881 440 de
910 405 997 452 Fyff
1011 426 1018 433 ·
1038 404 1254 440 Tenendam
1277 431 1283 438 .
1306 430 1314 438 .
1337 431 1343 438 .
1368 403 1520 451 prefatis
1539 432 1545 438 .
1568 430 1575 437 .
1597 431 1604 437 .
1625 409 1661 438 et
1687 402 1883 438 heredibus

306 476 473 512 masculis
504 476 601 510 inter
632 475 725 521 ipsos
746 503 753 509 .
776 502 783 508 .
804 503 810 508 .
831 473 1035 520 procreatis
1061 500 1068 507 .
1092 501 1098 507 .
1122 500 1128 507 .
1154 472 1285 519 quibus
1315 471 1571 507 deficientibus
1602 471 1687 519 [etc.
1715 477 1753 506 ut
1778 471 1885 517 supra

309 546 381 580 No.
402 543 466 593 42]
489 572 496 579 .
520 572 526 578 .
549 571 556 578 .
578 542 781 578 Reddendo
808 542 895 577 inde
921 541 1109 576 annuatim
1130 569 1136 575 .
1158 569 1165 576 .
1186 568 1193 575 .
1213 540 1311 589 apud
1339 540 1470 575 dietam
1500 539 1690 575 ecclesiam
1709 569 1715 575 .
1739 567 1746 574 .
1768 566 1775 574 .
1795 539 1885 574 sum-

309 627 402 649 mam
423 619 579 660 quatuor
598 611 774 647 librarum
800 616 835 645 et
862 611 921 644 s'ex
948 609 1144 645 solidorum
1167 637 1174 644 .
1197 637 1204 645 .
1226 636 1234 643 .
1254 615 1428 655 tanquam
1448 608 1590 643 firmam
1611 637 1617 643 .
1640 635 1647 642 .
1670 635 1676 643 .
1698 607 1787 643 solui
1808 607 1886 643 soli-

309 690 381 718 tam
401 711 405 716 .
425 711 430 716 .
448 710 453 715 .
475 693 632 717 vnacum
651 709 657 715 .
678 709 682 714 .
703 709 708 714 .
729 681 867 715 summa
902 685 1060 726 quatuor
1096 679 1292 714 solidorum
1329 678 1367 713 in
1402 677 1743 726 augmentacionem
1775 676 1887 711 nostri

311 751 462 786 rentalis
480 778 485 783 .
504 778 509 782 .
530 778 535 783 .
557 750 614 784 Ac
642 749 755 784 eciam
782 748 977 796 prestando
998 746 1086 796 [etc.
1105 753 1144 782 ut
1165 747 1271 794 supra
1289 746 1358 781 No.
1379 745 1443 794 42]
1465 745 1514 781 Et
1532 752 1703 792 preterea
1722 744 1887 779 volumus

315 820 397 868 [etc.
425 824 464 853 ut
489 818 597 864 supra
616 817 685 852 No.
707 816 771 864 42]
794 844 799 850 .
819 844 823 849 .
844 845 849 849 .
870 815 983 863 Apud
1010 815 1147 850 dietum
1175 814 1371 862 collegium
1402 814 1446 849 16
1474 814 1533 849 die
1560 813 1690 848 mensis
1717 812 1887 849 Oetobris

313 901 409 924 anno
429 886 580 923 Domini
603 889 697 920 1543
725 897 848 920 coram
868 913 873 919 .
894 913 899 918 .
919 914 924 918 .
946 883 1110 919 Henrico
1139 883 1313 919 Bowman
1342 882 1467 917 Dauid
1495 881 1716 916 Andersoun
1742 880 1888 916 Joanne

315 956 504 992 Rankelor
524 961 560 990 et
578 954 725 989 Joanne
746 954 919 989 Adesoun
940 965 1020 988 cum
1041 951 1191 988 diuersis
1211 951 1301 987 aliis.

317 1104 388 1139 Pro
408 1102 581 1149 magistro
602 1101 790 1137 Abraham
813 1100 1049 1137 Creichtoun.

320 1211 517 1265 OMNissus
536 1255 541 1259 .
561 1253 566 1258 .
588 1254 592 1258 .
613 1225 782 1260 dominus
804 1224 989 1271 Georgius
1011 1223 1261 1270 Clappertoun
1291 1224 1494 1270 prepositus
1522 1222 1671 1258 ecclesie
1699 1223 1890 1270 collegiate

320 1295 451 1331 sanae
472 1293 665 1329 Trinitatis
692 1305 806 1340 prope
836 1292 1056 1338 Edinburgh
1085 1291 1235 1326 salutem
1257 1320 1260 1325 .
1280 1320 1285 1324 .
1305 1319 1310 1324 .
1332 1290 1523 1326 Noueritis
1548 1303 1615 1326 nos
1634 1319 1638 1324 .
1659 1320 1663 1324 .
1684 1319 1689 1324 .
1710 1291 1891 1336 quandam

319 1370 457 1399 cartam
476 1392 481 1397 .
502 1390 508 1397 .
529 1391 535 1398 .
556 1360 771 1397 intellexisse
798 1361 860 1395 sub
888 1361 956 1395 hac
984 1360 1101 1394 forma
1121 1380 1127 1387 ·
1150 1359 1332 1394 Ommnns
1352 1388 1356 1392 .
1378 1387 1382 1392 .
1402 1387 1407 1392 .
1428 1358 1611 1393 Robertus
1630 1358 1715 1393 Leis
1742 1358 1891 1393 salutem

318 1461 322 1464 .
342 1460 347 1465 .
369 1460 375 1464 .
398 1430 588 1466 Noueritis
615 1442 673 1464 me
702 1427 899 1464 vendidisse
918 1457 923 1462 .
943 1457 948 1461 .
969 1456 974 1462 .
992 1427 1166 1474 magistro
1193 1427 1345 1462 Abrahe
1377 1426 1604 1462 Creichtoun
1636 1426 1817 1473 preposito
1850 1427 1894 1461 de

320 1499 489 1546 Dunglas
517 1498 586 1532 suis
613 1497 811 1532 heredibus
839 1503 875 1531 et
902 1496 1085 1543 affignatis
1112 1495 1202 1530 duas
1229 1501 1346 1530 terras
1373 1507 1472 1530 meas
1499 1494 1716 1530 husbandias
1734 1496 1895 1530 iacentes

320 1569 356 1602 in
386 1567 473 1602 villa
499 1567 545 1602 de
575 1565 727 1602 Saltoun
757 1565 940 1600 Inferiore
970 1577 1114 1600 necnon
1143 1563 1409 1598 dimidietatem
1439 1564 1544 1598 vnius
1571 1570 1669 1598 terre
1697 1562 1895 1599 husbandie

321 1636 474 1672 iacentis
502 1636 539 1670 in
560 1634 647 1669 villa
666 1634 711 1668 de
737 1632 891 1669 Saltoun
919 1634 1103 1680 superiore
1121 1660 1127 1666 .
1146 1660 1151 1665 .
1172 1660 1177 1665 .
1198 1631 1360 1666 iacentes
1388 1631 1425 1666 in
1450 1632 1603 1667 baronia
1623 1632 1667 1666 de
1688 1631 1840 1666 Saltoun
1861 1639 1896 1665 et

322 1703 592 1740 constabularia
619 1702 664 1737 de
684 1701 930 1749 Hadingtoun
956 1713 1023 1748 pro
1042 1729 1048 1735 .
1068 1729 1072 1733 .
1092 1728 1098 1733 .
1117 1700 1254 1735 summa
1281 1701 1438 1746 pecunie
1465 1700 1554 1735 mihi
1574 1729 1580 1735 .
1599 1728 1604 1734 .
1622 1729 1627 1733 .
1647 1713 1712 1746 pre
1731 1700 1895 1735 manibus

322 1803 326 1807 .
346 1802 351 1807 .
372 1801 376 1806 .
397 1771 582 1819 persoluta
606 1799 610 1804 .
631 1800 636 1805 .
657 1799 662 1804 .
684 1769 883 1805 Tenendas
902 1798 908 1804 .
927 1798 932 1803 .
952 1797 957 1802 .
978 1771 1014 1803 in
1050 1768 1158 1804 feodo
1194 1775 1230 1803 et
1265 1767 1471 1804 hereditate
1495 1797 1500 1802 .
1521 1796 1525 1801 .
1546 1797 1551 1802 .
1572 1768 1775 1803 Reddendo
1810 1768 1896 1802 inde

323 1840 511 1877 annuatim
624 1841 760 1885 septem
790 1837 921 1872 solidos
1032 1842 1178 1871 monete
1293 1835 1420 1872 Seooie
1532 1842 1672 1871 tantum
1784 1836 1897 1882 Apud

324 1908 541 1945 Edinburch
569 1908 627 1942 die
658 1909 702 1941 12
730 1905 922 1942 Februarii
950 1917 1046 1940 anno
1074 1904 1226 1939 Domini
1254 1906 1348 1939 1543
1377 1903 1744 1939 coram...do1nino
1764 1903 1897 1938 Archi-

325 1978 433 2013 baldo
462 1977 584 2012 Allem
613 1975 776 2011 Domino
808 1974 954 2009 Thoma
982 1973 1114 2010 Carnis
1146 1974 1328 2021 magistris
1356 1973 1482 2009 Dauid
1512 1972 1697 2015 Quhitlaw
1725 1972 1897 2008 Johanne

329 2045 583 2081 Hammiltoun
603 2044 724 2079 Adam
748 2042 974 2079 Creichtoun
994 2055 1076 2077 cum
1096 2041 1245 2077 diuersis
1264 2042 1344 2077 aliis
1361 2065 1367 2071 -
1389 2041 1660 2088 Quamquidem
1680 2047 1817 2077 cartam
1837 2071 1842 2075 .
1862 2070 1866 2075 .
1890 2070 1896 2076 .

329 2114 585 2149 confirmamus
604 2140 609 2145 .
629 2139 634 2145 .
655 2140 660 2145 .
683 2111 727 2146 16
741 2110 935 2146 Februarii
953 2113 1047 2145 1543
1065 2139 1071 2144 .
1090 2138 1095 2143 .
1115 2139 1120 2144 .
1143 2109 1329 2158 Georgius
1345 2110 1597 2158 Clappertoun
1618 2109 1819 2157 prepositus
1838 2139 1843 2143 .
1863 2139 1868 2144 .
1891 2139 1895 2143 .

330 2181 499 2228 magister
517 2180 542 2216 J
545 2192 682 2215 oannes
701 2179 851 2226 Logane
870 2207 875 2213 .
895 2207 900 2212 .
920 2207 924 2212 .
945 2178 970 2214 J
973 2191 1110 2213 oannes
1132 2179 1347 2214 Leirmonth
1367 2208 1372 2213 .
1392 2208 1397 2213 .
1418 2207 1423 2213 .
1444 2179 1567 2214 Adam
1584 2178 1752 2213 Frenche
1780 2178 1897 2225 capel-

330 2250 435 2285 lanus
462 2278 466 2282 .
487 2278 492 2283 .
516 2277 521 2281 .
550 2249 718 2283 dominus
753 2247 778 2282 J
781 2259 918 2282 oannes
954 2247 1164 2295 Linlythgw
1200 2247 1404 2283 Willelmus
1441 2247 1603 2293 Tempill
1637 2247 1898 2293 prebendarius

333 2318 492 2353 Jacobus
512 2316 691 2352 Waddie.
712 2345 717 2350 .
737 2344 742 2349 .
764 2315 890 2351 Dauid
921 2315 1008 2363 Sym
1029 2344 1034 2348 .
1053 2344 1058 2349 .
1078 2344 1083 2348 .
1107 2314 1214 2350 Schir
1234 2315 1447 2351 Alexander
1474 2314 1625 2350 Balfour
1646 2343 1651 2349 .
1674 2343 1680 2348 .
1703 2343 1709 2349 .
1731 2315 1898 2349 dominus

335 2386 538 2420 Willelmus
560 2385 761 2431 Yhoungar
779 2412 784 2417 .
804 2413 808 2418 .
829 2413 834 2417 .
