2147 2964
337 296 409 328 308
681 293 865 331 CARTA
892 293 1152 330 ECCLESIE
1185 294 1526 332 COLLEGIATE

332 393 540 441 Ospertoun
561 393 787 440 pertinentes
807 393 957 429 ecclesie
977 394 1021 429 de
1043 393 1285 430 Lochorwart
1304 407 1369 442 per
1389 395 1555 443 equalem
1575 395 1789 431 diuifionem
1808 396 1906 432 inter

331 462 421 498 duos
450 462 713 510 prebendarios
745 463 906 509 prefatos
939 468 974 497 et
1009 462 1055 497 ad
1089 475 1213 497 eornm
1245 476 1374 498 manus
1403 464 1569 512 proprias
1598 464 1840 512 disponendas
1873 470 1907 499 et

330 531 506 566 leuandas
527 554 533 560 ·
555 530 711 566 Tercius
739 531 855 566 eciam
882 531 1144 579 prebendarius
1173 531 1415 568 constituetur
1434 533 1478 567 de
1499 532 1674 568 fruffibus
1694 532 1843 568 ecclefie
1863 533 1907 568 de

333 599 571 635 Lochorwart
590 599 626 634 in
648 599 801 635 ecclelia
828 600 1023 648 collegiata
1049 599 1209 648 predicta
1231 600 1291 647 qui
1318 601 1585 648 prebendarius
1604 602 1648 637 de
1669 601 1908 637 Lochorwart

332 669 523 704 vocabitur
542 669 752 716 quiquidem
780 669 1042 717 prebendarius
1069 668 1219 704 habebit
1246 681 1371 705 omnes
1391 669 1550 705 decimas
1575 670 1744 718 garbales
1764 675 1800 705 et
1818 669 1907 705 alias

332 737 566 785 quascunque
602 738 646 772 de
682 737 784 773 Litill
818 737 1100 784 Lochorquhart
1137 750 1293 772 vnacum
1334 738 1502 774 omnibus
1538 738 1688 774 decimis
1726 744 1908 774 terrarum

332 807 603 842 dominicalium
625 807 669 841 de
688 806 927 842 Lochorwart
945 828 951 835 ·
973 806 1032 841 De
1052 805 1226 841 frufflbus
1255 805 1370 841 eciam
1391 806 1484 841 dicte
1512 805 1662 841 ecclesie
1683 806 1727 841 de
1746 806 1907 841 Lochor-

331 882 420 911 wart
437 876 509 911 duo
525 876 631 923 pueri
648 875 721 910 siue
739 875 863 910 clerici
883 875 1069 922 perpetuis
1089 874 1219 909 futuris
1239 874 1464 922 temporibus
1483 874 1520 909 in
1542 874 1695 910 ecclesia
1714 874 1908 922 collegiata

330 945 513 980 antedicta
541 944 712 979 seruituri
748 943 1046 979 sustentabuntur
1077 949 1112 979 et
1144 943 1190 978 ad
1223 956 1349 978 eorum
1384 944 1688 980 sustentacionem
1719 943 1907 979 habebunt

330 1027 454 1049 omnes
482 1014 641 1049 decimas
667 1013 836 1061 garbales
864 1018 899 1048 et
927 1012 1016 1048 alias
1044 1013 1277 1060 quascunque
1306 1013 1466 1048 decimas
1495 1013 1539 1049 de
1568 1012 1846 1048 Auchinlekhill
1872 1019 1907 1048 et

331 1083 454 1131 Curry
474 1096 628 1119 vnacum
659 1083 824 1118 omnibus
849 1082 998 1117 decimis
1025 1087 1123 1117 terre
1150 1086 1361 1128 nuncupate
1382 1081 1584 1129 vulgariter
1603 1082 1648 1116 lie
1673 1082 1798 1116 Stanis
1821 1094 1907 1128 que-

330 1154 476 1201 quidem
497 1153 637 1188 decime
656 1152 795 1187 duobus
815 1152 919 1186 diffis
946 1151 1069 1198 pueris
1094 1149 1167 1184 fiue
1196 1149 1340 1184 clericis
1368 1149 1542 1197 affignate
1570 1150 1791 1185 locabuntur
1809 1149 1908 1185 leua-

330 1223 465 1257 buntur
485 1227 519 1257 et
540 1228 714 1268 regentur
733 1233 799 1267 per
819 1219 997 1254 vicarium
1023 1219 1068 1253 de
1090 1218 1329 1265 Creychtoun
1357 1231 1423 1265 pro
1444 1224 1606 1266 tempore
1627 1218 1840 1254 existentem
1861 1219 1908 1254 ad

329 1291 530 1338 profectum
550 1295 585 1325 et
605 1289 796 1325 vtilitatem
825 1287 1025 1323 eorundem
1052 1299 1251 1334 puerorum
1279 1293 1315 1323 et
1342 1287 1496 1335 desuper
1524 1294 1735 1335 computum
1760 1293 1796 1323 et
1814 1288 1907 1323 raci-

330 1372 435 1394 onem
455 1359 584 1394 reddet
604 1357 790 1393 annuatim
821 1355 1003 1404 preposito
1023 1361 1058 1390 et
1086 1355 1218 1390 ceteris
1247 1355 1292 1390 de
1320 1355 1476 1403 collegio
1495 1357 1540 1391 de
1562 1355 1801 1405 Creychtoun
1821 1377 1828 1383 ·
1850 1356 1907 1391 In—

329 1429 434 1475 super
454 1427 609 1462 clericus
636 1425 858 1473 parochialis
886 1425 930 1460 de
952 1423 1190 1472 Creychtoun
1219 1425 1461 1461 constituetur
1481 1431 1516 1461 et
1544 1426 1701 1461 eundem
1726 1426 1907 1461 constituo

329 1495 513 1531 sacristam
528 1495 566 1529 in
582 1493 778 1541 collegiata
796 1492 948 1528 ecclesia
967 1492 1029 1539 qui
1050 1505 1245 1541 campanas
1264 1495 1421 1542 pulsabit
1439 1495 1529 1531 ostia
1544 1496 1676 1531 serabit
1692 1495 1908 1531 vestimenta

329 1565 461 1601 calices
489 1570 524 1599 et
552 1563 625 1598 alia
651 1562 796 1610 poealia
823 1562 1002 1597 custodiet
1021 1584 1029 1591 ·
1058 1569 1183 1598 cetera
1205 1563 1375 1599 facienda
1403 1576 1473 1610 que
1501 1565 1547 1600 ad
1575 1564 1730 1600 officium
1760 1564 1906 1600 sacriste

329 1634 514 1681 pertinere
545 1632 744 1667 noscuntur
774 1653 781 1659 ·
817 1631 1040 1678 habebitque
1076 1637 1245 1678 preterea
1280 1632 1428 1668 sacrista
1462 1633 1626 1679 prefatus
1658 1634 1719 1668 seu
1750 1633 1906 1668 clericus

327 1701 548 1750 parochialis
580 1713 705 1735 omnes
736 1700 897 1735 decimas
923 1700 1092 1747 garbales
1121 1705 1156 1735 et
1183 1700 1272 1735 alias
1300 1700 1460 1736 decimas
1483 1702 1717 1748 quascunque
1737 1701 1783 1736 de
1802 1701 1905 1736 West

331 1770 530 1807 Caldmure
556 1770 732 1817 parochie
761 1770 805 1805 de
842 1769 1083 1804 Lochorwart
1102 1790 1109 1797 ·
1136 1768 1289 1816 Insuper
1320 1769 1452 1804 restam
1485 1770 1648 1804 omnium
1681 1769 1905 1805 decimarum

328 1840 533 1888 garbalium
561 1838 735 1886 parochie
760 1839 805 1873 de
824 1838 1063 1873 Lochorwart
1092 1837 1264 1872 videlicet
1292 1837 1452 1872 decimas
1479 1838 1524 1873 de
1544 1838 1795 1873 Arnoldstoun
1824 1851 1905 1874 cum

329 1909 479 1944 decimis
510 1914 691 1943 terrarum
719 1907 994 1942 dominicalium
1023 1907 1068 1942 de
1096 1906 1347 1941 Arnoldstoun
1377 1906 1604 1942 Hervistoun
1633 1906 1905 1953 Rathquhillin-

330 1984 417 2013 toun
440 1976 588 2013 Catkun
608 1988 763 2011 vnacum
792 1975 942 2011 decimis
970 1975 1264 2011 molendinorum
1293 1975 1337 2010 de
1368 1974 1516 2011 Catkun
1545 1982 1580 2011 et
1604 1976 1843 2011 Lochorwart
1870 1982 1905 2011 et

330 2047 374 2081 de
394 2046 525 2093 Vogry
545 2046 680 2092 deputo
711 2050 747 2079 et
779 2044 916 2091 affigno
947 2045 993 2079 ad
1023 2044 1198 2079 fabricam
1228 2050 1264 2079 et
1294 2044 1571 2091 reparacionem
1599 2045 1681 2080 te6ti
1712 2051 1747 2080 et
1766 2045 1904 2080 fabrice

331 2113 478 2149 ecclesie
499 2113 690 2161 collegiate
717 2113 880 2160 predi&
900 2113 945 2148 de
966 2112 1205 2161 Creychtoun
1234 2125 1275 2147 ac
1294 2125 1361 2159 pro
1381 2113 1606 2148 ornamentis
1626 2120 1662 2148 et
1682 2113 1904 2149 vestimentis

331 2182 454 2217 altaris
473 2191 508 2217 et
526 2181 626 2217 chori
660 2181 763 2216 libris
790 2180 964 2216 calicibus
991 2194 1085 2228 pane
1115 2182 1200 2216 vino
1229 2193 1313 2216 cera
1341 2186 1376 2216 et
1395 2181 1476 2216 aliis
1494 2181 1700 2216 necessariis
1719 2182 1904 2230 perpetuis

331 2251 462 2286 futuris
482 2251 704 2298 temporibus
724 2250 876 2298 desuper
894 2249 1134 2285 sustentandis
1150 2270 1157 2277 ·
1177 2250 1395 2296 qnequidem
1416 2249 1556 2285 decime
1577 2249 1649 2285 siue
1668 2250 1805 2285 fruetus
1823 2262 1903 2297 pre-

332 2319 516 2354 nominate
545 2320 590 2354 ad
618 2319 792 2354 fabricam
820 2324 856 2354 et
882 2318 1161 2366 reparacionem
1189 2317 1337 2353 ecclesie
1366 2318 1559 2366 collegiate
1578 2318 1741 2365 poedifite
1761 2324 1796 2353 et
1815 2318 1902 2353 alio-

333 2400 411 2422 rum
431 2388 766 2434 prenominatorum
788 2387 833 2423 [ic
854 2393 892 2423 ut
919 2387 1142 2434 premittitur
1170 2387 1343 2433 deputate
1370 2386 1590 2422 locabuntur
1609 2386 1902 2433 leuabunturque

336 2460 369 2490 et
388 2455 543 2502 pecunia
567 2456 719 2502 desuper
749 2456 902 2492 collecfita
930 2456 976 2491 ad
996 2455 1076 2491 vsus
1107 2460 1179 2490 tam
1210 2454 1411 2490 laudabiles
1438 2455 1597 2502 prefatos
1627 2453 1902 2489 conseruabitur
