2147 2964
240 1009 262 1044 9

221 1689 264 1720 1«)

325 293 369 324 82
629 284 946 322 REGISTRUM
973 283 1229 321 ECCLESIE
1258 284 1599 321 COLLEGIATE

325 401 420 424 anno
454 385 606 422 Domini
636 384 825 420 millesimo
857 382 1161 432 quingenteffimo
1189 384 1340 432 septimo
1368 397 1492 420 coram
1520 384 1591 420 hiis
1618 383 1902 433 testibus—[im-

321 454 481 504 perfec‘la
488 455 511 503 .]

324 577 583 631 PRECEPTUM
612 591 737 627 saisine
764 591 897 626 factum
927 603 993 638 per
1016 588 1238 637 prepositum
1259 596 1294 626 et
1312 590 1575 637 prebendarios
1603 590 1750 638 collegii
1772 590 1904 628 sanae

326 662 522 698 Trinitatis
540 674 652 710 prope
672 660 893 708 Edinburgh
913 658 1100 695 Willelmo
1120 658 1289 707 Douglas
1316 659 1361 695 de
1381 659 1651 707 Drumlangrig
1670 659 1776 707 super
1795 660 1903 695 terris

325 731 534 780 prescriptis
557 729 613 778 [ut
631 729 740 777 supra
760 729 833 765 No.
854 727 906 776 7.]
927 748 933 755 ·
950 731 971 763 4
989 727 1079 764 Julii
1102 727 1209 766 1507.

329 881 569 928 [Preceptum
589 879 743 916 Roberti
761 877 940 923 Barkar.]

326 989 584 1042 PRECEPTUM
603 1003 714 1039 safine
738 1003 930 1039 coniun&e
949 1002 1216 1038 infeodacionis
1235 1002 1359 1037 datum
1377 1001 1540 1037 Roberto
1556 1001 1700 1037 Barkar
1719 1002 1838 1038 incole
1858 1003 1903 1038 de

326 1073 452 1109 Leitht
479 1079 514 1108 et
533 1073 682 1108 Alisone
704 1071 954 1107 Haliburtoun
982 1070 1107 1118 sponse
1135 1069 1194 1105 sue
1220 1070 1265 1105 de
1288 1070 1429 1105 duobus
1457 1071 1675 1106 tenementis
1700 1071 1902 1107 iacentibus

328 1143 363 1177 in
385 1142 471 1178 villa
490 1143 535 1177 de
555 1141 662 1177 Leith
682 1154 725 1176 ex
744 1147 848 1188 parte
876 1139 1026 1175 australi
1054 1151 1147 1186 aque
1175 1138 1335 1174 eiusdem
1364 1138 1401 1174 in
1428 1139 1580 1175 baronia
1599 1141 1643 1175 de
1664 1140 1847 1188 Restalrig
1867 1147 1901 1176 et

328 1211 586 1247 vicecomitatu
614 1211 659 1245 de
691 1209 906 1245 Edinburch
940 1208 1035 1244 inter
1065 1212 1200 1243 terram
1230 1206 1383 1243 Patricii
1417 1207 1527 1244 Clerc
1559 1209 1648 1244 alias
1677 1208 1825 1245 Millare
1858 1222 1901 1244 ex

327 1286 431 1328 parte
451 1279 668 1316 occidentali
689 1284 725 1314 et
744 1284 879 1314 terram
899 1276 1054 1313 Roberti
1078 1275 1186 1310 Bruss
1213 1287 1256 1310 ex
1284 1281 1387 1322 parte
1415 1276 1587 1312 orientali
1606 1283 1641 1312 et
1663 1276 1902 1314 Communem

328 1347 512 1383 Vinellam
533 1360 576 1383 ex
595 1352 700 1395 parte
719 1345 851 1381 boriali
869 1351 904 1381 et
922 1352 1057 1380 terram
1073 1343 1200 1379 Dauid
1215 1343 1376 1391 Cramby
1397 1357 1440 1379 ex
1460 1344 1608 1380 australi
1626 1345 1724 1380 dicto
1740 1345 1902 1382 Roberto

327 1416 541 1452 heriditarie
559 1415 829 1464 pertinentibus
848 1420 884 1449 et
902 1426 968 1462 per
988 1426 1069 1449 eum
1088 1411 1279 1460 resignatis
1298 1432 1305 1440 ·
1325 1412 1372 1448 26
1394 1412 1482 1448 Maii
1506 1416 1612 1448 1511.

330 1566 444 1602 Carta
462 1564 642 1612 capellani
660 1564 697 1599 in
721 1563 868 1611 Soltray
886 1575 953 1610 pro
973 1561 1126 1598 seruicio
1146 1561 1272 1597 diuino
1291 1573 1357 1609 per
1375 1561 1410 1597 se
1429 1569 1465 1598 et
1483 1575 1557 1598 non
1577 1575 1643 1611 per
1663 1563 1784 1599 alium.

333 1672 528 1726 Ommssns
548 1688 644 1724 hanc
663 1694 803 1724 cartam
823 1687 951 1722 visuris
970 1687 1027 1722 vel
1046 1684 1417 1734 auditurisamagister
1431 1685 1457 1721 J
1459 1685 1621 1722 ohannes
1642 1686 1767 1736 Brady
1784 1687 1902 1724 archi-

329 1759 504 1794 diaconus
522 1756 714 1792 Laudonie
733 1769 776 1791 ac
798 1754 1000 1804 prepositus
1028 1754 1221 1802 collegiate
1249 1753 1398 1789 ecclesie
1420 1753 1551 1790 Sanfioe
1572 1754 1768 1792 Trinitatis
1787 1769 1902 1804 prope

328 1825 547 1873 Edinburgh
575 1824 812 1871 dominusque
839 1823 1004 1871 superior
1032 1823 1193 1858 omnium
1220 1827 1401 1858 terrarum
1429 1822 1522 1858 diae
1548 1823 1698 1859 ecclesie
1716 1824 1901 1872 pertinen-

329 1896 424 1931 cium
443 1895 592 1930 salutem
619 1893 657 1929 in
677 1893 840 1928 Domino
867 1892 1123 1940 sempiternam
1144 1912 1151 1919 ·
1172 1890 1362 1927 Noueritis
1390 1903 1454 1926 nos
1482 1891 1616 1927 dedisse
1643 1893 1846 1929 concessisse
1865 1901 1900 1930 et

328 1964 396 1999 hac
414 1963 572 2012 presenti
592 1967 694 1998 carta
711 1960 836 1997 nostra
854 1959 1079 1997 confirmasse
1098 1973 1243 1996 necnon
1263 1960 1351 1995 darc
1378 1960 1581 1996 concedere
1601 1967 1637 1996 et
1654 1961 1723 1997 hac
1741 1962 1899 2009 presenti

329 2038 431 2067 carta
461 2030 584 2066 nostra
616 2030 833 2066 confirmare
869 2029 1025 2065 discreto
1056 2029 1133 2064 viro
1165 2028 1312 2063 domino
1343 2028 1369 2063 J
1372 2028 1506 2064 ohanni
1540 2028 1679 2077 Fyldar
1711 2030 1900 2078 capellano

330 2100 570 2148 capellaniam
588 2111 654 2146 per
672 2111 738 2133 nos
766 2097 912 2133 nouiter
931 2097 1121 2133 fundatam
1148 2102 1184 2132 et
1211 2097 1367 2132 erectam
1394 2096 1492 2132 infra
1518 2097 1704 2133 ecclesiam
1732 2099 1899 2146 parochi-

330 2168 422 2203 alem
443 2168 487 2203 de
509 2166 656 2214 Soltray
675 2186 682 2193 ·
701 2165 774 2202 Pro
794 2165 954 2201 eiusdem
981 2164 1246 2201 sustentacione
1273 2172 1308 2202 et
1333 2165 1414 2201 aliis
1441 2166 1592 2202 annexis
1614 2173 1650 2202 et
1669 2168 1842 2204 connexis
1861 2169 1899 2204 in

330 2236 454 2283 primis
473 2234 622 2271 habebit
642 2240 715 2269 tres
732 2233 863 2269 solidos
883 2233 927 2268 de
947 2239 1047 2269 terra
1065 2232 1186 2281 Froge
1209 2233 1353 2270 iacente
1372 2233 1410 2269 in
1430 2234 1517 2270 villa
1535 2234 1580 2270 de
1599 2234 1843 2284 Muffilburgh
1862 2236 1899 2271 in
1919 2234 1924 2241 ¹

331 2304 364 2339 le
392 2303 483 2338 New
513 2302 602 2338 Raw
631 2302 789 2338 eiusdem
820 2314 889 2349 pro
920 2314 1043 2337 annuo
1070 2302 1218 2337 redditu
1237 2323 1244 2330 ·
1264 2301 1358 2338 Item
1387 2302 1454 2337 vis
1473 2324 1480 2331 -
1499 2308 1534 2338 et
1562 2303 1671 2339 viiid.
1695 2305 1758 2351 [de
1780 2306 1898 2352 terra]

332 2371 473 2406 iacente
500 2372 538 2405 in
563 2370 649 2405 villa
675 2370 720 2405 de
742 2369 949 2406 Cranstoun
970 2390 977 2397 ·
998 2368 1092 2405 Item
1119 2370 1254 2416 septem
1280 2370 1413 2406 solidos
1432 2371 1477 2406 de
1503 2376 1603 2406 terra
1620 2370 1732 2420 Leyis
1757 2372 1901 2410 iacente

332 2439 370 2473 in
391 2437 542 2474 Saltoun
562 2458 568 2464 -
588 2437 681 2473 Item
702 2450 809 2473 vnam
836 2437 968 2473 libram
987 2438 1032 2472 de
1055 2450 1188 2486 cumyn
1215 2438 1254 2474 in
1275 2438 1493 2474 Hadintoun
1519 2439 1565 2475 de
1593 2444 1692 2476 terra
1709 2439 1876 2477 Diksone
1893 2464 1899 2470 ·
