2147 2964
537 280 745 318 SANCTE
775 280 1092 318 TRINITATIS
1120 281 1191 317 DE
1219 281 1550 319 EDINBURGH.
1781 288 1827 323 59

256 380 471 428 recepcione
491 386 526 416 et
545 380 812 416 sustentacione
835 381 880 416 de
908 381 1012 415 bonis
1039 379 1101 415 sibi
1131 394 1151 415 a
1170 380 1252 416 Deo
1275 381 1416 417 collatis
1435 383 1480 417 de
1499 394 1595 417 nouo
1615 382 1826 418 fundauerit

256 461 298 483 ac
317 449 465 495 egregio
485 449 641 495 quodam
663 461 772 496 opere
799 447 958 483 construi
986 455 1022 485 et
1049 451 1212 486 edificari
1240 452 1370 488 fecerit
1398 460 1434 488 et
1461 458 1533 488 tam
1563 452 1761 488 carissimus
1790 453 1825 488 in

257 516 403 552 Christo
431 516 525 552 filius
552 517 675 552 noster
701 517 864 553 Jacobus
891 517 1089 553 modernus
1119 518 1311 555 Scotorum
1341 533 1405 556 rex
1433 521 1583 556 illustris
1611 522 1713 556 cuius
1744 534 1826 569 pro—

254 584 438 630 genitores
466 584 581 631 ipsum
609 584 785 632 hospitale
813 585 857 620 de
886 585 1005 620 Soltre
1033 586 1079 621 ad
1108 587 1206 622 vsum
1228 588 1363 623 Christi
1393 601 1595 636 pauperum
1624 590 1827 625 fundarunt.

257 652 461 688 voluntates
488 652 761 700 progenitorum
790 665 856 700 pro
884 652 978 700 posse
1006 654 1190 689 obseruari
1218 656 1340 690 facere
1368 668 1475 702 quam
1504 656 1633 703 regina
1663 657 1829 704 predicta

257 727 294 756 ut
323 721 502 768 prefatum
533 721 569 756 in
600 721 858 757 cancellariam
889 724 1047 757 erectum
1078 722 1252 770 hospitale
1280 723 1327 758 ad
1354 723 1484 760 statum
1512 725 1705 771 pristinum
1728 725 1829 760 resti·

256 795 379 825 tuatur
410 789 546 836 ipsique
579 801 675 824 nouo
707 789 875 836 hospitali
909 792 1029 825 ereeto
1060 796 1238 837 perpetuo
1268 791 1527 839 incorporetur
1554 793 1741 829 feruenter
1771 807 1828 829 ex-

256 864 383 905 optent
416 858 651 905 prefatusque
679 871 743 893 rex
778 859 824 893 ad
859 857 929 893 hoc
966 858 1175 894 consensum
1210 859 1311 894 suum
1347 860 1509 906 prestare
1546 867 1696 908 paratus
1726 862 1766 897 fit
1794 869 1829 896 et

255 927 344 963 ficut
371 928 578 974 accepimus
605 927 679 975 ipse
703 927 895 962 Johannes
924 927 959 962 in
990 927 1151 962 fauorem
1180 927 1324 962 vnionis
1350 928 1556 964 huiusmodi
1584 936 1619 964 et
1647 936 1686 965 ut
1714 930 1828 965 eciam

257 996 478 1032 cancellaria
504 996 580 1043 ipsa
603 997 650 1032 ad
677 996 853 1043 hospitale
873 996 917 1031 de
940 995 1060 1032 Soltre
1088 995 1191 1032 sicuti
1219 997 1321 1044 prius
1349 1003 1428 1033 erat
1455 998 1653 1034 reducatur
1678 1000 1829 1034 eandem

257 1064 513 1100 cancellariam
541 1077 649 1112 quam
680 1065 821 1100 obtinet
856 1066 983 1112 sponte
1016 1071 1051 1100 et
1082 1064 1196 1100 libere
1224 1064 1408 1113 resignare
1435 1067 1605 1115 proponit
1632 1080 1699 1114 pro
1727 1075 1831 1115 parte

257 1133 414 1168 eiusdem
438 1133 566 1180 regine
594 1132 781 1168 afferentis
809 1133 908 1180 quod
935 1134 1072 1168 fruetus
1099 1134 1265 1170 redditus
1289 1141 1325 1171 et
1352 1142 1554 1182 prouentus
1573 1136 1666 1172 diae
1692 1137 1832 1171 cancel-

258 1200 348 1236 larie
369 1201 557 1248 iexaginta
582 1201 759 1236 librarum
784 1201 1041 1247 sterlingorum
1070 1202 1268 1237 secundum
1298 1216 1528 1239 communem
1561 1204 1831 1240 estimacionem

260 1269 420 1305 valorem
441 1282 601 1304 annuum
622 1282 695 1304 non
717 1270 900 1304 excedunt
926 1270 1030 1304 nobis
1057 1270 1127 1305 fuit
1151 1270 1340 1307 humiliter
1367 1272 1607 1320 supplicatum
1633 1281 1672 1309 ut
1698 1286 1830 1309 nomen

260 1344 296 1373 et
315 1337 530 1384 dignitatem
558 1337 763 1372 huiusmodi
792 1337 1011 1373 cancellarie
1038 1338 1074 1373 in
1104 1339 1246 1386 prefata
1274 1340 1426 1376 ecclelia
1444 1341 1589 1388 penitus
1608 1342 1832 1390 supprimere

262 1412 297 1441 et
321 1405 534 1451 extinguere
563 1412 598 1440 et
625 1405 800 1453 hospitale
824 1406 938 1452 ipsum
967 1407 1012 1441 de
1043 1406 1163 1442 Soltre
1193 1407 1230 1442 in
1260 1407 1389 1443 statum
1418 1409 1609 1456 pristinum
1641 1410 1832 1447 restituere

262 1473 423 1520 illudque
442 1474 479 1508 in
508 1473 673 1508 omnibus
701 1473 841 1508 iuribus
870 1480 905 1508 et
931 1474 1169 1521 pertinenciis
1196 1475 1338 1522 prefato
1364 1477 1509 1512 nouiter
1529 1481 1647 1513 erecto
1666 1479 1833 1526 hospitali

263 1548 440 1589 perpetuo
459 1542 698 1588 incorporare
720 1542 821 1576 vnire
842 1548 878 1577 et
897 1545 1090 1578 anneaere
1119 1543 1278 1590 aliasque
1302 1544 1338 1579 in
1361 1545 1535 1592 premiffis
1555 1553 1733 1594 oportune
1751 1561 1833 1595 pro—

265 1610 390 1645 uidere
410 1609 454 1644 de
482 1609 710 1656 benignitate
738 1609 936 1656 apostolica
965 1610 1202 1658 dignaremur
1222 1634 1228 1640 ·
1249 1625 1314 1647 nos
1343 1613 1404 1660 qui
1433 1614 1567 1649 dudum
1596 1615 1693 1650 inter
1713 1621 1835 1652 cetera

265 1679 444 1714 voluimus
473 1678 571 1725 quod
597 1684 762 1726 petentes
788 1679 966 1714 beneficia
990 1678 1232 1715 ecclesiastica
1259 1680 1340 1716 aliis
1368 1681 1463 1716 vniri
1491 1666 1685 1718 teneantur
1710 1697 1834 1732 expre—

264 1759 362 1782 mere
391 1759 514 1782 verum
544 1746 703 1782 valorem
733 1760 894 1782 annuum
923 1748 1103 1782 f1·u&uum
1133 1755 1205 1783 tam
1233 1749 1401 1784 beneficii
1425 1749 1573 1785 vniendi
1601 1763 1709 1798 quam
1736 1752 1834 1788 illius

265 1815 323 1850 cui
361 1814 452 1850 vniri
493 1814 630 1861 petitur
666 1814 826 1862 alioquin
862 1816 947 1850 vnio
983 1828 1055 1850 non
1095 1816 1212 1851 valeat
1249 1817 1294 1851 (le
1330 1817 1504 1863 premislis
1538 1825 1659 1854 tamen
1697 1828 1833 1856 certam

267 1882 441 1918 noticiam
460 1895 534 1917 non
555 1882 731 1919 habentes
757 1883 961 1918 huiusmodi
989 1883 1314 1930 supplicationibus
1341 1885 1509 1921 inclinati
1533 1887 1753 1924 fraternitati
1774 1895 1834 1924 tue

267 1964 330 1999 per
349 1950 546 1999 apostolica
570 1951 705 1998 scripta
731 1952 943 1987 mandamus
971 1958 1150 1998 quatenus
1169 1952 1306 1987 vocatis
1326 1953 1491 2001 episcopo
1510 1955 1672 2002 prodifim
1690 1969 1834 1993 necnon

269 2019 409 2056 dileais
427 2019 511 2054 filiis
532 2019 690 2067 capitulo
710 2020 805 2055 dicte
830 2019 978 2055 ecclesie
999 2019 1260 2055 Sanfflandree
1286 2027 1323 2055 et
1345 2021 1425 2056 aliis
1445 2035 1598 2069 quorum
1622 2023 1772 2060 interest
1790 2026 1834 2060 de

268 2088 444 2136 premiffis
464 2089 632 2124 omnibus
651 2094 687 2124 et
706 2087 853 2136 lingulis
882 2101 1080 2135 eorumque
1108 2088 1393 2124 circumstanciis
1417 2090 1592 2126 vniuerfis
1620 2094 1834 2129 auctoritate

270 2156 393 2192 nostra
419 2163 456 2192 te
486 2157 684 2204 diligenter
716 2157 887 2192 informes
915 2163 950 2192 et
979 2156 1002 2191 fi
1033 2169 1098 2203 per
1126 2156 1427 2192 informacionem
1459 2158 1661 2196 huiusmodi
1688 2161 1739 2197 ita
1766 2163 1834 2198 ess'e

270 2225 450 2272 repereris
469 2225 513 2260 ab
533 2225 610 2272 ipso
629 2224 800 2260 Johanne
818 2224 875 2260 vel
901 2231 1138 2272 procuratore
1166 2225 1226 2260 suo
1246 2225 1291 2260 ad
1315 2225 1383 2260 hoc
1402 2227 1447 2261 ab
1466 2239 1508 2261 eo
1528 2228 1732 2275 specialiter
1751 2244 1835 2267 con-

271 2293 394 2329 stituto
421 2292 708 2341 refignaeionem
734 2292 938 2327 huiusmodi
969 2291 995 2327 fi
1023 2292 1120 2327 illam
1150 2293 1186 2327 in
1217 2293 1286 2328 tuis
1313 2295 1478 2330 manibus
1505 2296 1630 2343 sponte
1658 2304 1694 2333 et
1720 2299 1834 2336 libere

272 2362 392 2397 facere
418 2361 575 2396 voluerit
599 2367 637 2396 ut
663 2360 846 2408 prefertur
873 2361 1089 2396 auam-itate
1118 2361 1241 2396 nostra
1270 2361 1337 2397 hac
1367 2362 1444 2398 vice
1474 2363 1652 2401 duntaxat
1680 2368 1834 2416 recipias

272 2437 307 2467 et
333 2430 504 2466 admittas
532 2441 646 2476 eaque
672 2441 736 2476 per
764 2434 799 2463 te
826 2435 973 2476 recepta
1002 2434 1036 2464 et
1063 2428 1210 2465 admissa
1238 2430 1495 2467 cancellariam
1524 2433 1635 2480 ipsam
1666 2448 1746 2471 cum
1771 2450 1835 2485 per
