2147 2964
327 246 374 277 50
791 241 1109 279 REGISTRUM
1137 241 1441 279 CARTARUM

329 341 427 377 bladi
447 354 491 376 ex
517 347 622 388 parte
650 340 796 376 australi
816 340 934 377 Maris
955 340 1141 377 Scoticani
1161 362 1168 369 ·
1191 341 1341 377 Cartam
1361 342 1566 378 Alexandri
1594 342 1692 390 regis
1711 343 1756 377 de
1776 343 1906 378 confir-

332 410 498 446 macione
517 410 562 445 de
582 409 735 445 dimidia
760 409 886 445 coldra
912 409 1030 445 farine
1059 422 1260 445 auenarum
1288 410 1333 445 de
1362 410 1573 446 molendino
1593 411 1638 446 de
1659 410 1880 458 Trakquare
1900 432 1907 440 ·

335 477 484 515 Cartam
511 477 635 513 Florie
664 477 789 513 reli&e
821 477 1006 524 quondam
1035 477 1118 512 Ade
1148 477 1319 520 Quintini
1351 479 1397 514 de
1424 479 1628 515 donacione
1656 485 1840 515 terrarum
1865 480 1910 515 de

333 547 483 583 Welflat
510 547 548 582 in
576 546 763 583 territorio
791 547 836 581 de
863 546 1092 594 Lympetlaw
1110 567 1117 573 ·
1138 545 1289 582 Cariam
1312 547 1337 583 J
1341 547 1495 583 ohannis
1522 548 1584 583 filii
1613 548 1767 584 Roberti
1787 547 1910 584 Ruffel

333 617 378 652 de
405 616 618 664 quibusdam
645 615 754 651 terris
781 615 826 650 de
854 614 1085 651 Duncanlaw
1106 636 1112 643 ·
1135 614 1286 651 Cartam
1305 615 1464 664 Philippi
1493 617 1538 652 de
1558 617 1622 652 Ew
1641 617 1686 652 de
1705 617 1910 652 donacione

334 692 515 721 terrarum
536 685 581 720 de
600 683 925 732 Philpdawystoun
946 683 1010 719 ΕΝ
1029 703 1036 710 ·
1054 683 1295 720 Indenturam
1314 685 1411 721 inter
1430 686 1643 733 magistrum
1663 692 1699 721 et
1717 686 1849 721 fratres
1866 686 1910 721 de

337 753 457 789 Soltre
476 759 512 788 et
528 752 719 788 Matheum
737 752 852 787 filium
873 752 1057 799 quondam
1072 752 1248 789 Willelmi
1267 755 1312 790 de
1325 754 1494 801 Kynglas
1509 755 1554 790 de
1573 753 1713 802 [terris]
1732 754 1889 789 eiusdem
1903 775 1910 781 ·

337 821 487 858 Cartam
517 821 680 856 Eustacii
712 821 757 856 de
793 819 975 857 Slutteuel
1006 821 1051 855 de
1083 821 1223 857 duabus
1257 822 1398 870 skeppis
1431 823 1549 858 farine
1581 836 1782 858 auenarum
1815 823 1911 870 apud

335 890 472 926 Ledale
496 911 503 916 ·
526 889 677 926 Cartam
706 889 886 924 Willelmi
914 890 958 925 de
987 889 1117 925 Memil
1149 890 1194 926 (16
1224 891 1316 927 tofto
1346 898 1381 927 et
1409 892 1526 928 crofto
1552 898 1587 928 et
1616 892 1725 927 certis
1753 892 1846 927 aeris
1874 891 1911 926 in

338 960 424 995 villa
450 966 487 995 et
513 959 699 995 territorio
727 958 771 994 de
791 958 988 1006 Langtoun
1008 980 1014 986 ·
1035 958 1276 995 Indenturam
1304 960 1402 996 inter
1429 961 1597 997 abbatem
1625 968 1662 997 et
1689 967 1912 996 conuentum

337 1030 382 1064 de
401 1028 595 1076 Driburgh
615 1033 650 1063 et
675 1027 887 1075 magistrum
908 1034 943 1062 et
962 1027 1094 1063 fratres
1114 1028 1158 1063 de
1178 1028 1298 1065 Soltre
1318 1030 1363 1065 de
1383 1037 1556 1066 carucata
1574 1036 1672 1066 terre
1693 1030 1790 1065 infra
1808 1041 1913 1077 paro-

338 1097 456 1133 chiam
476 1097 521 1132 de
542 1096 812 1145 Cheldynkyrk
831 1117 838 1124 ·
859 1096 1008 1132 Cartam
1029 1096 1131 1132 Petri
1160 1097 1204 1133 de
1232 1098 1370 1133 Grame
1399 1099 1443 1133 de
1464 1099 1578 1134 tribus
1597 1098 1738 1134 bouatis
1759 1104 1856 1133 terre
1874 1098 1913 1132 in

340 1166 425 1201 villa
451 1172 487 1201 et
514 1165 701 1201 territorio
721 1165 765 1200 de
785 1165 1043 1213 Elvynystoun
1064 1186 1070 1193 ·
1092 1165 1243 1201 cartam
1266 1166 1449 1202 Johannis
1477 1167 1522 1202 de
1542 1166 1703 1202 Methkil
1730 1167 1774 1202 de
1803 1167 1914 1201 dona-

338 1236 444 1271 cione
472 1233 621 1270 eoeleste
649 1234 694 1269 de
714 1233 865 1281 WVemys
885 1255 893 1262 ·
915 1233 1065 1270 Gai-tam
1086 1234 1236 1269 Ricardi
1257 1234 1435 1269 Germine
1463 1235 1508 1270 de
1527 1234 1698 1282 homagio
1718 1235 1831 1270 Alani
1850 1234 1912 1269 filii

340 1303 447 1339 Took
460 1309 496 1339 et
511 1303 620 1339 certis
636 1303 744 1338 terris
764 1302 831 1337 suis
851 1303 888 1336 in
904 1302 1131 1349 Lympetlaw
1148 1323 1154 1330 ·
1174 1301 1325 1337 Cartam
1340 1302 1523 1350 Radulphi
1541 1302 1680 1337 domini
1696 1303 1740 1338 de
1759 1302 1915 1350 Cranys-

338 1381 427 1409 toun
455 1374 499 1408 de
528 1372 638 1407 certis
666 1371 774 1406 terris
802 1371 839 1405 in
866 1359 1054 1406 territorio
1083 1371 1242 1406 eiusdem
1269 1391 1275 1398 ·
1307 1371 1457 1407 Cartam
1487 1371 1630 1406 Thome
1658 1372 1703 1406 de
1733 1371 1844 1419 Haya
1871 1373 1915 1407 de

338 1450 444 1478 traua
461 1441 560 1477 bladi
581 1441 625 1476 (16
646 1440 788 1475 carneis
816 1439 887 1474 suis
915 1446 951 1475 et
977 1439 1167 1475 hominum
1195 1440 1341 1475 suorum
1369 1453 1413 1475 ex
1439 1445 1544 1487 parte
1573 1439 1721 1475 australi
1749 1453 1842 1487 aque
1870 1440 1916 1476 de

337 1511 453 1547 Forth
481 1531 487 1537 ·
518 1509 668 1546 Cartam
700 1507 963 1556 resignaoionis
995 1513 1177 1544 terrarum
1214 1509 1259 1544 de
1291 1507 1499 1557 Jonystoun
1536 1521 1601 1556 per
1632 1509 1843 1544 Johannem
1871 1509 1916 1544 de

338 1579 546 1628 Jonystoun
574 1577 690 1613 filium
719 1577 890 1625 Hugonis
919 1577 964 1612 de
991 1577 1200 1625 Jonystoun
1229 1598 1235 1605 ·
1265 1577 1415 1614 Cartam
1444 1578 1644 1626 Augustini
1673 1580 1717 1614 de
1745 1578 1917 1615 Morauia

340 1650 384 1684 de
404 1649 545 1684 duobus
564 1647 686 1682 solidis
706 1667 712 1674 ·
735 1645 886 1682 Car-tam
907 1645 1034 1681 Dauid
1053 1646 1210 1693 Olyfard
1229 1647 1274 1682 de
1297 1653 1403 1682 traua
1421 1647 1520 1682 bladi
1538 1648 1583 1682 de
1603 1647 1764 1693 qualibet
1783 1660 1916 1683 caruca

341 1718 437 1753 infra
468 1716 671 1752 dominium
703 1715 803 1750 suum
832 1736 839 1743 ·
867 1714 1145 1761 Transcriptuln
1173 1715 1353 1750 Willelmi
1385 1715 1543 1762 episcopi
1577 1714 1838 1751 Sanffiandree
1870 1716 1914 1751 de

341 1785 546 1834 priuilegiis
582 1784 756 1820 conceffis
792 1783 916 1819 domui
952 1784 997 1818 de
1033 1782 1153 1819 Soltre
1197 1796 1263 1831 per
1299 1784 1487 1819 dominum
1526 1784 1748 1831 Gregorium
1783 1796 1915 1832 papam

342 1867 478 1891 nonum
498 1876 505 1882 ·
525 1854 585 1889 De
605 1865 759 1901 quarum
788 1859 973 1888 cartarum
991 1851 1266 1899 presentacione
1285 1852 1469 1899 predi6³ms
1488 1852 1603 1888 frater
1623 1852 1785 1887 Thomas
1803 1853 1915 1899 peciit

343 1939 363 1960 a
380 1938 436 1960 me
454 1923 598 1959 notario
626 1921 774 1969 publico
802 1920 866 1956 fibi
892 1920 972 1955 fieri
1000 1919 1147 1967 presens
1174 1920 1452 1956 instrumentum
1471 1940 1478 1948 ·
1494 1920 1589 1956 Αᾶει
1616 1920 1763 1956 fuerunt
1789 1920 1858 1956 1166
1877 1921 1914 1956 in

344 1993 496 2030 eeclefia
513 1990 715 2040 parochiali
735 1991 780 2026 de
800 1989 1028 2025 Peneatland
1048 1989 1176 2035 quinto
1196 1989 1255 2025 die
1277 1989 1408 2024 mensis
1427 1988 1618 2024 Februarii
1647 2002 1743 2024 anno
1762 1989 1915 2025 Domini

345 2063 531 2099 millefimo
552 2065 650 2097 ccctuo
668 2058 903 2107 nonogesimo
922 2071 1020 2094 nono
1040 2057 1267 2105 presentibus
1285 2057 1447 2104 prouidis
1466 2057 1554 2092 viris
1572 2057 1728 2092 dominis
1743 2057 1768 2092 J
1771 2057 1915 2093 ohanne

347 2133 391 2168 (16
412 2132 602 2168 Abii-dene
629 2137 807 2178 perpetuo
828 2128 964 2164 vicario
984 2129 1028 2163 de
1047 2126 1275 2163 Peneatland
1294 2125 1421 2161 Dauid
1440 2126 1484 2161 de
1504 2125 1662 2161 Maxwel
1680 2125 1851 2162 Johanne
1871 2127 1915 2162 de

350 2201 482 2237 Sanfflm
504 2200 615 2237 Claro
634 2199 659 2235 J
663 2199 776 2234 acobo
804 2198 849 2233 de
877 2197 1077 2245 Rayntoun
1105 2201 1141 2232 et
1168 2194 1330 2229 Roberto
1357 2194 1402 2229 de
1430 2193 1628 2241 Rayntoun
1654 2193 1730 2228 filio
1751 2193 1916 2230 Henrieo

349 2269 393 2303 (16
426 2268 583 2304 Maxwel
615 2274 651 2303 et
682 2266 827 2301 Thoma
858 2265 903 2300 de
934 2263 1094 2300 Maxwel
1124 2263 1359 2311 pluribusque
1388 2261 1468 2297 aliis
1500 2261 1545 2296 ad
1573 2261 1742 2309 premissa
1769 2261 1916 2298 testibus

352 2336 487 2371 vocatis
508 2335 713 2382 specialiter
732 2340 768 2370 et
786 2333 936 2381 rogatis.

450 2405 497 2440 Et
516 2417 584 2451 ego
598 2403 803 2438 Willelmus
822 2403 867 2438 de
884 2400 1117 2449 Cranystoun
1136 2398 1291 2435 clericus
1306 2397 1566 2433 Sanffiandree
1581 2396 1730 2432 diocefis
1749 2397 1916 2444 publicus
