2147 2964
354 280 402 310 20
817 271 1134 309 REGISTRUM
1163 270 1469 308 CARTARUM

357 393 469 430 Carta
501 391 672 427 Duncani
705 391 750 427 (le
784 390 1051 439 Swaynystoun
1083 396 1118 426 et
1151 390 1310 426 Mariote
1339 389 1463 437 sponse
1491 389 1568 424 eius
1593 389 1638 424 de
1664 389 1794 437 viginti
1815 389 1931 425 tribus

356 475 450 498 acris
470 468 580 497 terre.

356 564 564 617 Vniuerfis
588 580 706 614 sancte
731 578 858 614 matris
884 577 1038 613 ecclesie
1060 576 1144 611 filiis
1161 576 1388 624 presentibus
1408 582 1443 612 et
1462 576 1593 612 futuris
1614 575 1757 611 clericis
1777 581 1812 611 et
1830 575 1933 611 laicis

358 649 560 685 Duncanus
592 648 637 683 de
671 647 939 696 Swaynystoun
971 652 1007 681 et
1038 644 1201 681 Mariota
1236 646 1363 693 sponsa
1393 645 1470 680 eius
1507 651 1671 680 eternam
1702 643 1738 679 in
1770 643 1933 679 Domino

357 719 507 754 salutem
527 738 533 744 ·
554 717 713 753 Nouerit
732 715 948 751 vniuerfitas
974 714 1093 750 vestra
1117 727 1182 749 nos
1208 714 1332 750 diuine
1359 714 1503 762 pictatis
1526 713 1661 749 intuitu
1681 718 1716 748 et
1734 725 1802 761 pro
1821 712 1933 747 salute

358 787 496 822 domini
531 784 736 821 Alexandri
773 784 870 832 regis
906 783 1035 818 Scocie
1072 789 1107 818 et
1141 783 1288 818 domine
1323 782 1497 818 Johanne
1530 782 1658 829 regine
1691 787 1726 816 et
1757 781 1933 816 heredum

358 857 501 892 suorum
532 860 568 890 et
596 853 721 889 nostra
750 853 902 900 propria
933 852 1046 888 salute
1079 857 1115 887 et
1146 851 1322 886 heredum
1353 850 1558 886 nostrorum
1584 856 1619 885 et
1648 862 1715 897 pro
1745 849 1935 885 animabus

359 925 497 962 domini
518 923 696 959 Willelmi
723 922 821 970 regis
851 927 886 957 et
918 919 1180 956 antecessorum
1210 920 1355 955 suorum
1381 926 1417 955 et
1439 932 1505 966 pro
1525 918 1716 954 animabus
1733 924 1880 966 patrum
1900 924 1935 952 et

359 1001 516 1031 matrum
537 999 573 1029 et
591 991 855 1028 antecessorum
881 997 916 1026 et
944 990 1182 1025 successorum
1209 988 1414 1023 nostrorum
1436 987 1568 1023 dediffe
1591 986 1795 1022 conceffifl'e
1815 992 1850 1021 et
1868 985 1936 1021 hac

360 1070 462 1100 carta
481 1075 560 1098 mea
583 1060 808 1097 confirmasse
827 1059 910 1095 Deo
930 1067 966 1095 et
984 1058 1153 1106 hospitali
1183 1058 1317 1093 Sane-”te
1337 1056 1533 1092 Trinitatis
1556 1057 1601 1092 de
1621 1056 1742 1091 Soltre
1762 1062 1797 1091 et
1817 1055 1938 1091 fratri-

360 1134 426 1168 bus
444 1132 582 1168 ibidem
597 1130 679 1165 Deo
694 1129 936 1165 seruientibus
955 1128 993 1163 in
1011 1140 1140 1175 puram
1160 1132 1195 1161 et
1213 1132 1428 1174 perpetuam
1448 1124 1672 1160 elimosinam
1692 1125 1729 1159 in
1749 1124 1937 1160 territorio

360 1202 484 1237 nostro
513 1201 558 1236 dc
587 1197 853 1246 Swaynystoun
882 1196 1014 1244 viginti
1042 1203 1078 1231 et
1104 1202 1177 1230 tres
1202 1207 1306 1230 acras
1326 1201 1423 1230 terre
1444 1206 1526 1229 cum
1545 1194 1636 1229 tofto
1657 1199 1692 1228 et
1712 1193 1829 1228 crofto
1849 1205 1938 1239 quas

362 1272 482 1307 Adam
511 1270 615 1304 faber
642 1267 761 1303 tenuit
787 1266 1009 1301 mensuratas
1039 1270 1075 1300 et
1105 1263 1278 1298 limitatas
1306 1275 1373 1310 per
1399 1262 1465 1297 has
1490 1262 1622 1297 diuisas
1648 1261 1777 1309 viginti
1801 1261 1937 1297 scilicet

362 1352 465 1376 acras
483 1339 521 1373 in
541 1350 613 1372 vna
640 1336 786 1371 cultura
804 1340 935 1369 vocata
954 1332 1146 1368 Medelflat
1172 1331 1332 1366 iacentes
1362 1330 1459 1365 inter
1478 1329 1639 1365 riuulum
1663 1329 1875 1365 tendentem
1895 1330 1939 1365 ab

363 1409 460 1444 Albo
475 1407 594 1442 Fonte
609 1405 647 1439 in
662 1403 791 1440 Galow
806 1415 850 1438 ex
869 1407 974 1449 parte
993 1399 1268 1448 septentrionali
1288 1406 1324 1434 et
1340 1398 1514 1434 sichetum
1530 1398 1685 1434 tendens
1700 1399 1744 1433 ab
1758 1397 1940 1434 Harches-

364 1485 418 1513 ter
434 1478 470 1512 in
488 1475 617 1511 Galow
634 1485 678 1508 ex
697 1478 802 1519 parte
822 1470 971 1506 australi
989 1469 1029 1504 in
1047 1468 1279 1516 longitndine
1299 1473 1335 1503 et
1353 1480 1420 1515 per
1440 1467 1536 1503 viam
1556 1467 1765 1502 venientem
1784 1467 1829 1503 ab
1841 1467 1940 1503 Albo

364 1546 483 1581 Fonte
503 1544 612 1590 vsque
632 1542 678 1577 ad
700 1539 967 1588 Swaynystoun
993 1551 1039 1574 ex
1062 1543 1169 1585 parte
1196 1536 1368 1572 orientali
1394 1536 1432 1571 in
1458 1536 1653 1572 latitudine
1679 1542 1715 1571 et
1741 1541 1814 1571 tres
1839 1548 1942 1572 acras

366 1614 549 1662 proximas
568 1612 663 1647 dieto
683 1609 820 1645 ficheto
849 1608 1024 1643 tendente
1051 1607 1096 1641 ab
1118 1603 1365 1641 Harechester
1386 1617 1429 1640 ex
1454 1610 1560 1651 parte
1583 1604 1732 1639 australi
1759 1604 1941 1639 mediante

367 1683 482 1718 eciam
500 1680 662 1729 prediem
684 1677 776 1725 [via]
798 1689 881 1712 cum
901 1674 1085 1711 communi
1111 1673 1258 1722 pastura
1284 1679 1320 1708 et
1339 1672 1561 1720 ayfiamento
1581 1673 1628 1708 ad
1647 1673 1836 1719 sexaginta
1855 1685 1942 1708 oues

367 1759 403 1787 et
431 1751 476 1786 ad
501 1750 628 1785 decem
657 1746 784 1782 aueria
811 1751 846 1780 et
873 1744 920 1779 ad
947 1744 1038 1779 duos
1066 1755 1178 1789 equos
1197 1761 1204 1768 ·
1224 1740 1422 1776 Tenendas
1447 1746 1483 1775 et
1509 1740 1695 1775 habendas
1719 1741 1765 1775 de
1783 1740 1888 1775 nobis
1907 1746 1942 1775 et

368 1819 564 1855 heredibus
592 1816 725 1852 nostris
750 1815 815 1850 fibi
843 1819 879 1849 et
905 1811 1164 1848 successoribus
1193 1810 1263 1845 suis
1287 1809 1557 1856 imperpetuum
1576 1809 1667 1844 adeo
1687 1808 1801 1844 libere
1821 1808 1943 1855 quiete

370 1888 535 1936 plenarie
555 1892 591 1921 et
608 1884 810 1920 honorifice
835 1882 881 1917 ab
906 1880 1006 1916 omni
1034 1878 1186 1915 seculari
1216 1877 1369 1913 seruit-io
1397 1877 1658 1912 consuetudine
1684 1882 1720 1912 et
1745 1877 1943 1912 exaccione

372 1964 408 1993 et
439 1955 621 1992 demanda
652 1952 742 1988 sicut
770 1951 895 1997 aliqua
926 1947 1113 1985 elimofina
1144 1947 1182 1982 in
1212 1959 1328 1994 regno
1362 1944 1490 1982 scocie
1521 1945 1675 1980 alicuius
1705 1945 1801 1980 dono
1834 1945 1944 1980 alicui

374 2025 499 2062 abacie
519 2024 576 2059 vel
603 2021 772 2069 hospitali
799 2019 952 2055 liberius
981 2016 1145 2064 quiecius
1172 2014 1359 2062 plenarius
1386 2019 1422 2049 et
1446 2013 1752 2048 honorificencius
1777 2013 1886 2049 datur
1908 2020 1944 2048 et

375 2093 592 2130 conceditur
610 2111 617 2119 ·
637 2090 715 2125 Nos
737 2095 857 2125 autem
877 2093 913 2123 et
929 2086 1085 2122 heredes
1109 2084 1224 2120 nostri
1252 2082 1452 2131 predi&am
1481 2088 1617 2117 terram
1644 2081 1750 2116 dietis
1772 2081 1944 2117 fratribus

376 2160 692 2198 manutenebimus
722 2163 757 2193 et
785 2154 1104 2191 warantizabimus
1140 2160 1270 2188 contra
1305 2163 1430 2186 omnes
1462 2149 1626 2185 homines
1658 2170 1665 2176 ·
1696 2149 1766 2184 hiis
1795 2149 1945 2185 testibus

378 2231 525 2266 domino
545 2227 732 2263 Willelmo
752 2225 797 2260 de
816 2224 932 2259 Bosco
960 2221 1181 2258 cancellario
1206 2218 1343 2254 domini
1367 2218 1465 2265 regis
1492 2217 1640 2252 domino
1660 2216 1826 2252 Heni-ico
1846 2217 1945 2252 Mar-

380 2298 499 2334 scaldo
518 2296 705 2332 Willelmo
734 2294 778 2329 de
808 2291 1001 2329 Schelford
1020 2290 1183 2326 Roberto
1211 2287 1255 2322 de
1285 2286 1439 2334 Syncler
1458 2285 1629 2321 Johanne
1654 2285 1699 2320 de
1718 2284 1945 2320 Pencatland

381 2365 549 2412 Edolpho
569 2365 613 2399 de
634 2363 821 2399 Kakmore
841 2360 965 2408 Helya
993 2359 1038 2394 de
1065 2357 1239 2393 Paistoun
1257 2354 1444 2390 willelmo
1471 2354 1516 2389 de
1540 2353 1740 2389 Hertissied
1761 2352 1946 2399 Stephano

382 2435 427 2469 de
448 2432 601 2468 XVedale
620 2431 792 2466 Johanne
812 2428 946 2464 clerico
967 2433 1002 2462 et
1021 2426 1143 2461 multis
1163 2425 1255 2460 aliis.
