2147 2964
331 304 402 336 318
701 299 880 337 CARTE
907 299 1159 337 ECCLESIE
1189 299 1531 336 COLLEGIATE

331 399 472 446 prefate
491 399 677 446 prebende
698 398 850 434 annexis
879 411 958 434 cum
987 398 1225 446 pertinenciis
1254 399 1457 435 iacentibus
1484 400 1522 435 in
1549 399 1704 435 baronia
1730 400 1775 434 de
1795 398 1907 434 Kirk-

332 468 421 503 vrde
448 467 545 502 infra
564 466 858 502 vicecomitatum
888 467 933 502 dc
958 467 1081 502 Pcblis
1108 467 1330 514 quequidem
1349 473 1447 503 terre
1476 480 1557 503 cum
1585 467 1823 514 pertinenciis
1842 479 1908 514 per

333 535 517 583 quondam
532 535 627 570 bone
647 534 820 570 memorie
835 534 1024 569 dominum
1039 534 1220 571 Jacobum
1237 537 1282 571 de
1297 535 1464 583 Douglas
1483 536 1669 571 dominum
1685 536 1730 571 de
1742 535 1908 572 Dalketh

334 604 487 640 militem
506 603 600 638 diae
621 602 771 638 ecclesie
791 602 984 650 collegiate
1005 615 1046 638 ac
1065 604 1252 650 prebende
1268 604 1313 638 de
1328 603 1549 639 Louchvrde
1568 608 1800 639 annexantur
1819 609 1855 638 et
1869 603 1907 638 in

332 685 461 720 puram
482 677 517 707 et
535 677 717 707 mortuam
743 670 978 719 elymosinam
1007 678 1195 718 ponuntur
1214 693 1221 699 ·
1243 671 1464 707 Tenendum
1491 677 1527 707 et
1554 671 1765 706 habendum
1792 676 1908 706 totum

333 741 536 788 predibmm
555 740 612 775 ius
630 752 750 775 meum
766 745 802 775 et
820 739 909 774 iuris
928 739 1072 775 titulum
1094 753 1136 775 ac
1155 741 1417 788 proprietatem
1434 746 1469 776 et
1484 739 1730 787 possessionem
1747 740 1908 787 prediEte

332 807 596 857 superioritatis
615 820 694 842 mee
714 807 876 842 omnium
896 807 1072 842 dictarum
1092 813 1273 844 terrarum
1302 822 1383 844 cum
1403 808 1640 856 pertinenciis
1659 807 1742 843 Deo
1759 814 1795 843 et
1814 808 1908 843 dicte

332 876 482 913 ecclesie
501 876 696 924 collegiate
716 876 760 911 de
782 875 946 911 Dalketh
975 889 1017 912 ac
1046 876 1142 911 dieto
1161 877 1310 911 domino
1329 876 1493 911 Johanni
1513 876 1557 911 de
1578 875 1761 923 Balkafky
1782 882 1817 911 et
1836 876 1907 911 suis

330 945 587 982 suecessoribus
616 946 654 981 in
684 946 781 980 diava
812 946 1000 992 prebenda
1027 946 1071 981 (le
1097 944 1317 980 Louchvrde
1345 944 1520 980 institutis
1548 950 1609 979 aut
1637 944 1867 980 instituendis
1886 958 1908 980 a

329 1027 386 1050 me
407 1020 442 1050 et
469 1014 666 1050 heredibus
693 1014 784 1049 meis
812 1013 850 1048 in
877 1026 1007 1061 puram
1035 1021 1071 1050 ct
1094 1013 1248 1065 ‚liberam
1277 1012 1512 1061 elymosinam
1538 1013 1805 1061 imperpetuum
1825 1025 1906 1048 cum

330 1083 498 1118 omnibus
514 1082 832 1118 commoditatibus
850 1081 1081 1117 libertatibus
1101 1088 1136 1117 et
1155 1081 1385 1129 aysiamentis
1405 1094 1448 1116 ac
1466 1081 1567 1116 iustis
1587 1081 1655 1116 suis
1668 1082 1906 1129 pertinenciis

329 1151 604 1199 quibuscunque
624 1156 697 1186 tam
716 1163 791 1185 non
810 1150 1007 1185 nominatis
1027 1163 1135 1196 quam
1162 1150 1359 1184 nominatis
1387 1150 1434 1185 ad
1455 1149 1589 1184 dietam
1616 1149 1905 1197 superioritatem

330 1218 402 1255 siue
420 1219 682 1267 proprietatem
710 1219 888 1253 difitarum
916 1223 1097 1253 terrarum
1125 1218 1170 1252 de
1189 1217 1410 1253 Louchvrde
1430 1223 1466 1253 et
1485 1217 1673 1253 Kirkvrde
1694 1230 1776 1253 cum
1795 1219 1906 1265 perti-

329 1288 471 1323 nenciis
489 1287 732 1334 spefflffintibus
762 1287 822 1321 seu
849 1286 941 1321 iuste
969 1286 1129 1333 s'pefitare
1155 1285 1359 1321 valentibus
1387 1285 1660 1333 quomodolibet
1686 1286 1724 1321 in
1743 1286 1906 1322 futurum

330 1357 422 1392 adeo
441 1356 556 1391 libere
576 1355 697 1402 quiete
725 1355 889 1402 plenarie
916 1355 1060 1402 integre
1088 1353 1290 1390 honorifice
1317 1354 1411 1389 bene
1438 1359 1474 1389 et
1504 1353 1542 1388 in
1570 1366 1660 1401 pace
1680 1353 1753 1390 fine
1772 1355 1906 1391 retine-

330 1430 453 1460 mento
474 1423 532 1459 vel
558 1423 802 1459 reuocacione
830 1423 981 1470 aliquali
1009 1422 1099 1458 sicut
1127 1422 1249 1470 aliqua
1273 1423 1510 1470 superioritas
1530 1422 1602 1458 siue
1620 1424 1826 1471 proprietas
1845 1425 1905 1460 seu

330 1493 453 1540 aliqua
482 1498 582 1528 terra
610 1492 706 1527 infra
733 1504 888 1539 regnum
921 1491 1050 1527 Scocie
1069 1491 1152 1527 Deo
1172 1498 1208 1527 et
1238 1491 1445 1538 cuicunque
1472 1491 1622 1527 ecclesie
1650 1492 1687 1527 in
1716 1505 1843 1539 puram
1869 1500 1905 1529 et

329 1561 480 1596 liberam
514 1559 750 1608 elymosinam
783 1560 891 1595 datur
921 1560 982 1595 seu
1012 1559 1226 1595 conceditur
1258 1564 1321 1594 aut
1349 1559 1429 1594 dari
1461 1559 1518 1595 vel
1550 1560 1702 1595 concedi
1731 1561 1903 1608 qualiter—

330 1641 474 1675 cunque
501 1628 635 1676 poterit
664 1627 816 1663 liberius
844 1628 883 1662 in
910 1628 1073 1663 futurum
1091 1648 1098 1655 -
1117 1628 1166 1663 Et
1193 1641 1261 1675 ego
1289 1640 1376 1663 vero
1404 1628 1521 1663 di&us
1540 1627 1724 1664 Walterus
1754 1627 1841 1665 Scot
1869 1634 1905 1664 et

328 1697 482 1733 heredes
508 1697 579 1732 mei
606 1702 723 1732 totum
751 1696 805 1731 ius
825 1702 860 1732 et
879 1697 969 1732 iuris
988 1696 1133 1732 titulum
1154 1696 1226 1732 siue
1247 1695 1426 1731 clameum
1444 1696 1702 1744 proprietatem
1724 1703 1759 1733 et
1778 1697 1904 1744 posses-

329 1765 464 1801 sionem
483 1765 575 1800 diae
595 1764 859 1812 superioritatis
879 1764 951 1800 siue
978 1765 1213 1813 proprietatis
1239 1764 1400 1800 omnium
1421 1752 1601 1800 diam-uh
1621 1770 1800 1800 terrarum
1821 1778 1904 1801 cum

328 1833 564 1881 pertinenciis
590 1833 673 1868 Deo
703 1838 739 1868 et
769 1833 862 1868 diste
888 1832 1037 1868 ecclesie
1068 1833 1261 1880 collegiate
1291 1833 1336 1868 de
1365 1831 1529 1868 Dalketh
1559 1845 1602 1868 ac
1631 1833 1727 1869 disto
1755 1834 1903 1869 domino

329 1901 492 1937 Johanni
521 1902 565 1936 de
584 1901 767 1949 Balkasky
788 1907 824 1936 et
851 1901 920 1936 suis
948 1900 1203 1937 succefforibus
1232 1900 1430 1948 capellanis
1457 1900 1495 1935 in
1523 1901 1619 1936 dicta
1644 1902 1832 1948 prebenda
1859 1903 1903 1937 de

330 1970 549 2006 Louchvrde
570 1970 747 2005 canonice
765 1969 937 2005 institutis
956 1971 1017 2005 seu
1043 1969 1274 2005 instituendis
1296 1969 1388 2004 adeo
1406 1968 1521 2003 libere
1541 1974 1577 2004 et
1595 1968 1716 2015 quiete
1734 1969 1772 2004 in
1792 1969 1903 2004 omni-

330 2040 396 2074 bus
424 2045 460 2074 et
485 2051 552 2086 per
572 2038 694 2074 omnia
720 2038 809 2074 sicut
837 2038 972 2073 dictum
1000 2038 1052 2072 est
1079 2042 1208 2073 contra
1235 2048 1360 2071 omnes
1386 2035 1559 2071 mortales
1586 2037 1903 2073 warantizabimus

332 2107 619 2154 acquietabimus
647 2113 683 2142 et
710 2107 979 2153 imperpetuum
1007 2105 1244 2141 defendemus
1263 2127 1270 2134 -
1291 2104 1442 2153 Insuper
1461 2117 1548 2140 vero
1576 2117 1644 2153 ego
1667 2105 1783 2142 dietus
1802 2105 1903 2142 Wal-

331 2182 430 2211 terus
451 2174 538 2211 Scot
563 2175 742 2223 prefatam
761 2174 1003 2210 donacionem
1031 2172 1296 2210 concessionem
1321 2171 1585 2220 proprietatem
1603 2172 1848 2219 possessionem
1867 2179 1902 2209 et

331 2243 653 2278 mortificacionem
681 2242 859 2278 dictarum
886 2248 1067 2278 terrarum
1096 2241 1141 2277 de
1165 2240 1385 2276 Louchvrde
1413 2246 1449 2275 et
1468 2240 1656 2276 Kirkvrde
1684 2253 1765 2276 cum
1791 2242 1902 2289 perti-

333 2311 470 2346 nenciis
488 2311 558 2346 suis
584 2311 723 2358 prefate
752 2309 902 2346 ecclesie
930 2310 1123 2357 collegiate
1151 2309 1195 2344 de
1218 2308 1385 2344 Dalketh
1408 2308 1586 2344 fa6tarum
1614 2313 1649 2343 et
1667 2308 1897 2344 mortificata·

333 2390 414 2412 rum
441 2378 478 2412 in
506 2379 673 2413 omnibus
700 2378 770 2413 suis
796 2378 914 2413 modis
940 2378 1082 2425 punfitis
1115 2376 1392 2412 condicionibus
1423 2375 1588 2411 articulis
1615 2375 1901 2411 circumstanciis

334 2446 452 2480 forma
476 2446 614 2492 pariter
641 2452 677 2481 et
704 2446 833 2481 effe&u
860 2445 1072 2481 donacionis
1100 2445 1337 2482 concessionis
1364 2451 1400 2480 et
1426 2443 1722 2480 mortificacionis
1745 2444 1900 2491 predicti
