2147 2964
311 305 384 336 312
577 300 760 336 CARTA
788 298 936 336 ECCL.
968 299 1116 337 COLL.
1147 300 1218 335 DE
1248 300 1636 338 CREYCHTOUN.

311 401 434 447 priore
455 407 490 436 et
510 400 670 447 capitulo
698 399 849 436 ecclesie
876 399 998 434 nostre
1025 399 1063 435 in
1091 399 1224 435 talibus
1252 400 1375 435 arduis
1402 400 1481 436 fieri
1509 402 1680 438 consueta
1699 402 1892 449 prehabito.

311 468 491 515 prefatam
529 467 673 515 collegii
710 468 969 503 fundacionem
1011 468 1286 504 ordinacionem
1322 474 1357 504 et
1394 469 1668 516 disposicionem
1705 482 1748 505 ac
1784 469 1891 518 ipsius

313 536 463 572 ecclefie
483 537 528 572 de
547 536 788 572 Lochorwart
808 549 916 583 quam
945 549 1025 572 cum
1056 537 1230 572 fructibus
1256 544 1291 573 et
1319 537 1459 573 iuribus
1478 537 1549 573 suis
1570 538 1743 573 vniuersis
1763 545 1891 573 tenore

312 605 539 652 presencium
568 605 664 640 dicto
693 605 849 652 collegio
876 605 1161 641 racionabilibus
1188 605 1423 641 suadentibus
1451 606 1564 641 caufis
1592 619 1658 654 per
1684 607 1815 642 cessum
1836 606 1892 641 vel

313 674 493 710 deceffum
522 673 731 722 poffidentis
758 674 985 710 anneffimus
1012 674 1290 723 incorporamus
1315 682 1350 711 et
1371 676 1515 710 vnimus
1541 676 1724 712 fru&uum
1748 675 1892 723 disposi-

312 745 454 780 cionem
475 751 511 779 et
531 744 806 779 ordinacionem
828 750 1008 779 terrarum
1036 744 1245 779 reddituum
1266 751 1302 779 et
1320 744 1570 792 poss'effionum
1591 757 1892 792 quarumcunque

314 826 380 861 per
400 813 536 848 dictum
565 813 754 848 dominum
776 812 1015 860 Creychtoun
1044 813 1138 847 di8m
1166 812 1321 859 collegio
1348 813 1567 848 donatarum
1591 820 1627 848 et
1646 812 1892 848 concessarum

313 882 538 918 donaciones
558 888 594 917 et
614 881 860 917 concessiones
888 881 1143 916 ordinaciones
1167 887 1202 915 et
1221 880 1477 927 disposiciones
1496 881 1559 915 sub
1579 881 1694 916 modis
1713 887 1749 916 et
1768 880 1893 915 formis

313 950 463 998 prefatis
496 963 538 985 ac
570 950 790 985 vicariarum
823 950 1070 997 predifi'tarum
1106 949 1337 984 creacionem
1365 954 1400 984 et
1428 949 1656 985 ereccionem
1689 949 1813 997 [modo
1838 949 1890 996 et]

315 1019 432 1055 forma
450 1018 617 1066 pmdstta
636 1031 802 1054 creamus
822 1019 1062 1066 approbamus
1081 1017 1304 1053 ratificamus
1323 1024 1359 1053 et
1379 1030 1444 1065 pro
1462 1018 1566 1053 nobis
1584 1025 1618 1053 et
1636 1019 1894 1053 successoribus

316 1087 447 1122 nostris
466 1100 533 1135 pro
553 1094 730 1135 perpetuo
760 1093 887 1122 tenore
914 1086 1141 1134 presencium
1168 1086 1425 1121 confirmamus
1452 1085 1560 1121 saluis
1589 1093 1710 1122 tamen
1734 1087 1839 1122 nobis
1859 1095 1895 1122 et

316 1155 574 1192 successoribus
603 1155 734 1190 nostris
766 1155 802 1189 in
836 1154 994 1190 ecclesiis
1023 1155 1068 1189 de
1101 1153 1339 1201 Creychtoun
1371 1160 1407 1188 et
1437 1153 1676 1188 Lochorwart
1707 1156 1895 1202 perpetuis

315 1225 448 1259 futuris
467 1224 692 1270 temporibus
714 1223 924 1258 vilitacione
953 1223 1190 1258 cori-eccione
1210 1229 1246 1257 et
1264 1221 1462 1269 punicione
1485 1224 1663 1257 canonica
1679 1223 1895 1259 obediencia

315 1301 351 1329 et
378 1293 635 1329 iurisdiccione
663 1306 705 1327 ac
733 1292 874 1327 iuribus
902 1291 1098 1326 ordinariis
1126 1290 1390 1338 episcopalibus
1418 1296 1454 1326 et
1478 1290 1836 1327 archidiaconalibus
1859 1299 1893 1328 et

316 1362 396 1397 aliis
416 1362 460 1396 de
479 1362 558 1396 iure
579 1360 710 1396 debitis
730 1366 765 1395 et
785 1359 966 1395 consuetis
986 1381 992 1387 ·
1013 1359 1057 1394 In
1078 1360 1181 1395 cuius
1209 1361 1262 1395 rei
1290 1359 1537 1395 testimonium
1556 1358 1710 1406 figillum
1730 1360 1892 1396 nostrum

317 1430 513 1476 oblongum
546 1442 589 1464 ac
621 1428 776 1475 sigillum
811 1441 1003 1463 commune
1037 1428 1189 1476 capituli
1227 1427 1340 1463 nostri
1374 1427 1637 1464 Sauffiandree
1665 1430 1894 1476 presentibus

318 1500 397 1534 sunt
425 1498 582 1546 appensa
610 1498 705 1545 apud
735 1496 1085 1533 Sanciumandream
1115 1497 1282 1533 vicesimo
1310 1509 1408 1532 nono
1436 1497 1494 1532 die
1522 1496 1651 1532 mensis
1675 1496 1892 1533 Decembris

318 1580 415 1602 anno
443 1566 579 1602 domini
608 1566 796 1602 millefimo
824 1565 1182 1614 quadringentefimo
1214 1564 1491 1613 quadragesimo
1518 1579 1615 1601 nono
1644 1573 1679 1601 et
1707 1566 1892 1602 consecra-

320 1636 432 1672 cionis
452 1635 573 1670 nostre
593 1648 689 1670 anno
709 1635 926 1670 duodecimo
946 1656 953 1663 ·
