2147 2964
116 2415 171 2447 13.

744 277 934 316 DOMUS
960 277 1032 314 DE
1061 275 1275 313 SOLTRE.
1744 275 1759 306 1
1769 275 1784 306 1

223 382 269 417 ad
299 380 420 416 villam
448 380 493 415 de
520 376 784 427 Elwynystoun
811 377 1051 425 speRantibus
1070 396 1077 403 ·
1096 375 1176 423 Ego
1204 379 1324 410 autem
1352 377 1388 407 et
1413 371 1558 407 heredis
1585 372 1655 407 mei
1676 377 1788 408 totam

222 450 421 497 predictam
449 454 585 483 terram
611 446 781 493 predi&is
809 446 981 481 fratribus
1008 445 1052 479 de
1083 443 1202 480 Soltre
1230 448 1266 477 et
1293 438 1548 476 successoribus
1572 440 1641 475 suis
1660 445 1790 476 eontra

223 529 347 552 omnes
366 515 530 551 homines
549 520 585 549 et
603 514 755 549 seminas
773 514 1040 560 imperpetuum
1060 510 1379 547 warantizabimus
1398 528 1405 534 ·
1423 508 1472 543 Et
1491 514 1529 544 vt
1547 508 1614 543 hec
1634 508 1789 544 donacio

223 597 302 620 mea
328 584 592 630 imperpetuum
619 587 700 617 rata
726 587 939 628 permaneat
965 581 1111 628 presens
1139 578 1312 624 scriptum
1332 576 1436 623 sigilli
1460 576 1531 611 mei
1559 576 1789 623 appoficione

223 651 391 687 roboraui
411 671 419 679 ·
438 650 505 685 hiis
532 649 682 685 testibus
711 649 860 684 domino
887 649 1010 684 Alano
1036 648 1081 683 de
1100 646 1293 693 VVyntoun
1321 644 1469 679 domino
1491 643 1631 679 Milone
1653 643 1790 680 Coruet

223 720 370 756 domino
389 718 604 753 Alexandro
632 717 677 752 de
706 716 844 753 Setoun
873 717 1019 752 domino
1046 716 1209 751 Roberto
1238 713 1283 748 de
1313 711 1445 748 Sancto
1472 710 1583 748 Claro
1604 711 1727 747 Alano
1746 712 1790 747 de

223 787 389 835 Fausyde
408 785 596 821 Willelmo
616 785 661 820 de
682 784 917 821 Trauernent
937 785 1082 820 Thoma
1098 783 1174 818 filio
1194 780 1373 817 Willelmi
1394 779 1580 827 Stephano
1601 780 1790 827 capellano

223 856 284 903 qui
302 855 372 890 1106
390 854 562 901 scriptum
583 853 781 901 composuit
800 859 836 889 et
854 853 978 889 multis
998 852 1091 889 aliis.

224 1007 336 1044 Carta
355 1008 517 1044 Vineani
538 1008 599 1056 [de
618 1007 820 1057 Mulineys]
843 1008 888 1043 de
907 1008 1060 1044 dimidia
1079 1015 1251 1045 carucata
1270 1016 1367 1046 terre
1386 1009 1432 1044 (16
1452 1008 1665 1045 Sauletoun.

224 1110 364 1162 Sciant
389 1126 575 1173 presentes
599 1132 635 1161 et
654 1126 766 1161 futuri
794 1126 891 1173 quod
919 1138 986 1173 ego
1004 1125 1188 1162 Vinianus
1207 1127 1252 1163 de
1272 1126 1459 1175 Mulineys
1478 1126 1563 1161 dedi
1584 1132 1620 1160 et
1639 1123 1791 1160 conceffi

221 1199 257 1229 et
275 1193 344 1229 hac
363 1194 521 1241 presenti
541 1200 643 1230 carta
661 1206 742 1229 mea
765 1194 979 1229 confirmaui
1007 1194 1179 1242 magistro
1198 1201 1233 1230 et
1251 1195 1425 1230 fratribus
1447 1193 1579 1231 Sancte
1599 1193 1794 1228 Trinitatis

221 1262 266 1296 de
287 1261 407 1298 Soltre
426 1262 612 1297 dimidiam
634 1267 842 1297 carucatam
870 1268 968 1298 terre
987 1263 1032 1297 de
1051 1263 1211 1298 dominio
1229 1275 1311 1298 meo
1331 1263 1375 1298 de
1397 1262 1576 1299 Saultoun
1596 1261 1687 1297 ficut
1705 1261 1793 1297 mihi

222 1330 428 1365 mensurata
455 1330 523 1365 fuit
550 1342 615 1376 per
642 1330 829 1364 <lominum
856 1329 1063 1365 WValterum
1091 1331 1237 1366 Olifard
1263 1331 1499 1367 iusticiarium
1529 1330 1720 1366 Laudonie
1748 1331 1794 1365 ad

224 1399 433 1432 mandatum
454 1397 593 1432 domini
612 1397 709 1445 regis
731 1396 858 1433 Scoeie
886 1397 920 1432 in
941 1397 1092 1433 liberam
1110 1411 1238 1446 puram
1258 1405 1294 1434 et
1311 1406 1525 1446 perpetuam
1546 1399 1766 1434 elimosinam
1787 1420 1793 1426 ·

227 1465 443 1501 Tenendam
471 1471 507 1500 et
533 1465 738 1500 habendam
758 1464 822 1499 fibi
849 1472 884 1500 et
911 1465 1167 1502 successoribus
1191 1467 1261 1502 suis
1288 1467 1339 1503 ita
1356 1468 1471 1503 libere
1491 1468 1612 1514 quiete
1631 1467 1794 1515 plenarie

228 1540 263 1569 et
281 1533 481 1569 honorifice
501 1534 632 1580 absque
652 1533 750 1568 omni
778 1533 928 1569 seculari
955 1534 1108 1569 seruicio
1128 1535 1186 1570 vel
1213 1535 1347 1570 auxilio
1375 1535 1517 1583 speciali
1546 1536 1603 1571 vel
1629 1535 1794 1583 generali

229 1602 316 1637 ficut
343 1602 463 1648 aliqua
492 1601 678 1637 elimosina
707 1602 745 1636 in
776 1615 892 1649 regno
925 1601 1052 1638 Scocie
1079 1603 1229 1639 liberius
1255 1604 1399 1651 plenius
1426 1611 1462 1640 et
1489 1605 1795 1640 honorificencius

228 1675 374 1705 tenetur
390 1669 447 1704 vel
465 1668 660 1716 poffidetur
675 1691 682 1697 -
696 1669 776 1717 Ego
795 1682 882 1705 vero
902 1677 937 1706 et
955 1670 1110 1706 heredes
1128 1672 1200 1707 mei
1219 1673 1351 1708 dictam
1371 1678 1506 1708 terram
1526 1686 1607 1708 cum
1628 1673 1794 1708 omnibus

228 1738 298 1772 suis
316 1737 553 1784 pertinenciis
573 1743 702 1773 contra
720 1750 844 1773 omnes
866 1737 1029 1774 homines
1048 1740 1153 1776 dietis
1180 1741 1351 1788 magistro
1371 1746 1406 1776 et
1424 1741 1598 1776 fratribus
1616 1741 1794 1789 imperpe—

229 1812 330 1841 tuum
358 1805 675 1841 warantizabimus
701 1826 709 1833 ·
736 1806 780 1841 In
808 1806 910 1841 cuius
937 1807 990 1842 rei
1019 1808 1262 1844 testimonium
1292 1809 1449 1856 presenti
1476 1809 1610 1857 scripto
1638 1809 1793 1858 sigillum

228 1886 348 1909 meum
379 1874 528 1921 apposui
548 1895 555 1902 ·
579 1874 646 1909 hiis
679 1875 829 1910 testibus
863 1875 1009 1910 domino
1041 1876 1208 1912 WValtero
1238 1877 1395 1925 Olyfard
1422 1878 1570 1912 domino
1598 1877 1793 1925 Radulpho

228 1942 355 1977 Nobili
374 1943 522 1978 domino
543 1942 688 1978 Thoma
714 1943 774 1978 del
794 1944 880 1992 Hay
907 1944 1054 1980 domino
1074 1944 1261 1980 Willelmo
1289 1946 1333 1981 de
1354 1945 1484 1981 Veteri
1502 1946 1619 1982 Ponte
1647 1947 1793 1982 domino

226 2010 396 2046 Johanne
424 2010 641 2046 Marescallo
669 2010 794 2047 Dauid
824 2011 959 2047 clerico
994 2012 1189 2049 iusticiarie
1219 2013 1405 2050 Willelmo
1439 2015 1484 2050 de
1516 2015 1728 2063 Hertyshed
1758 2022 1794 2051 et

227 2079 346 2115 multis
364 2079 454 2115 aliis.

229 2225 432 2262 Indentura
449 2227 547 2263 inter
566 2227 734 2263 abbatem
754 2233 790 2263 et
809 2234 1029 2264 conuentum
1048 2229 1093 2264 de
1112 2227 1304 2277 Driburgh
1324 2237 1359 2266 et
1378 2230 1589 2278 magistrum
1608 2237 1644 2267 et
1662 2231 1792 2268 fratres

227 2295 273 2330 de
292 2293 412 2331 Soltre
429 2295 474 2330 de
494 2301 666 2331 carucata
684 2301 781 2330 terre
800 2296 898 2331 infra
914 2296 1127 2344 parochiam
1146 2297 1191 2333 de
1212 2297 1491 2346 Cheldynkyrk.

229 2397 329 2452 Hec
357 2415 409 2451 est
436 2416 636 2452 conuencio
664 2417 757 2452 facta
785 2417 878 2452 inter
897 2417 1064 2453 abbatem
1092 2424 1128 2453 et
1146 2425 1367 2454 conuentum
1386 2419 1431 2455 de
1450 2419 1640 2468 Driburgh
1657 2434 1701 2456 ex
1721 2434 1791 2457 vna
