2147 2964
482 299 692 336 SANCTE
720 299 1039 337 TRINITATIS
1066 301 1138 337 DE
1166 302 1498 340 EDINBURGH.
1709 309 1776 346 187

202 398 350 434 domino
371 397 558 434 Willelmo
580 399 725 435 Wrieht
743 412 810 447 pro
830 399 1095 436 sustentacione
1115 414 1198 436 cere
1221 402 1290 437 olei
1314 403 1387 439 vini
1409 404 1550 439 locione
1569 417 1772 452 pannorum

201 473 499 502 ornamentorum
519 474 556 504 et
574 467 728 503 aliorum
748 468 1028 503 necessariorum
1051 469 1088 503 in
1109 470 1204 504 dieto
1224 470 1380 519 collegio
1399 472 1617 520 percipienti
1637 486 1773 509 annua-

200 534 262 568 tim
283 535 477 571 duodecim
504 536 614 571 libras
634 543 670 571 vt
697 542 799 583 patet
826 537 863 571 in
892 537 1070 584 compotis
1096 538 1380 584 precedentibus
1407 541 1452 575 de
1474 540 1579 575 diffls
1606 542 1772 577 terminis

200 602 357 649 compoti
385 602 483 637 xiili.
535 602 584 638 Et
612 604 905 651 compotantibus
932 617 998 651 per
1020 605 1246 651 empcionem
1270 607 1397 653 viginti
1426 614 1583 655 quatuor
1603 609 1769 645 vlnarum

198 670 310 716 panni
330 670 417 706 linei
435 683 503 718 pro
519 671 635 706 tribus
654 672 745 707 albis
764 672 811 707 ad
826 673 924 707 vsum
945 673 1029 707 dieti
1050 673 1196 719 collegii
1215 674 1376 709 nondum
1397 676 1608 712 deliberatis
1627 677 1772 713 sacriste

198 750 240 772 eo
260 738 358 784 quod
376 750 475 773 nunc
494 738 575 774 sunt
594 738 632 774 in
649 739 790 774 factura
810 739 896 774 vlna
924 739 1039 775 stante
1064 741 1109 775 ad
1137 741 1228 776 duos
1256 742 1387 778 solidos
1410 749 1445 779 et
1470 744 1507 779 in
1528 746 1694 780 omnibus
1713 759 1772 781 ex-

197 805 314 852 pensis
341 805 380 840 iii
394 805 432 840 li.
484 805 533 841 Et
559 806 674 842 solute
694 806 877 842 Willelmo
897 806 1132 855 Dalgleische
1158 809 1285 844 latimo
1312 811 1349 845 in
1379 811 1485 846 feodo
1512 812 1571 846 suo
1599 813 1644 847 de
1669 814 1770 849 dietis

196 873 360 911 terminis
384 874 544 920 compoti
573 880 611 909 vt
637 880 738 921 patet
765 874 928 922 superius
956 875 1019 910 viii
1032 875 1070 911 li.
1124 876 1173 912 Et
1200 878 1349 913 domino
1369 878 1512 914 Thome
1531 879 1705 916 VVatsone
1732 882 1768 917 in

195 941 302 977 feodo
321 940 382 976 suo
405 942 450 976 de
478 941 645 977 terminis
673 942 831 990 compoti
861 942 945 977 iiili.
976 944 1051 979 vis.
1082 944 1142 979 viii
1155 946 1188 980 d.
1237 946 1284 981 Et
1311 946 1428 982 eidem
1456 960 1522 995 per
1550 948 1767 986 solucionem

192 1010 320 1046 fafitam
335 1023 402 1058 pro
416 1016 608 1058 portatura
620 1011 775 1059 triginta
789 1011 951 1059 quinque
967 1011 998 1047 le
1011 1012 1163 1048 drauclzt
1176 1013 1337 1061 lapidum
1351 1015 1398 1050 ad
1413 1015 1509 1050 vsum
1524 1016 1608 1052 disti
1623 1017 1768 1066 collegii

191 1091 257 1125 per
282 1078 377 1114 idem
396 1084 540 1127 tempus
559 1079 599 1114 iii
611 1079 649 1115 li.
681 1093 743 1114 xs.
798 1079 846 1115 Et
874 1092 941 1127 per
968 1080 1195 1127 empcionem
1224 1083 1410 1131 sexaginta
1437 1084 1469 1119 le
1495 1085 1696 1121 rauelzteris
1722 1087 1767 1121 ad

193 1148 289 1182 vsum
310 1147 396 1183 dicti
417 1147 563 1196 collegii
586 1160 651 1196 per
671 1154 812 1196 tempus
841 1149 1000 1196 compoti
1028 1162 1122 1185 xxxv
1136 1163 1163 1185 s.
1220 1152 1267 1186 Et
1293 1164 1361 1198 pro
1389 1152 1566 1188 sexcentis
1594 1154 1769 1201 lest-latis

191 1215 322 1262 tegulis
341 1216 387 1250 ad
407 1216 540 1251 dietum
565 1216 759 1263 collegium
788 1229 852 1264 per
872 1217 967 1252 idem
987 1224 1130 1265 tempus
1149 1220 1258 1254 xxxvi
1270 1232 1295 1255 s.
1350 1220 1397 1256 Et
1416 1233 1482 1267 pro
1503 1222 1765 1258 emendacione

189 1284 365 1319 librorum
389 1297 455 1331 per
474 1292 616 1331 tempus
644 1285 847 1332 prediEtum
876 1286 999 1320 xxxvii
1012 1299 1039 1321 s.
1093 1286 1140 1321 Et
1160 1287 1265 1322 soluti
1293 1288 1558 1334 tegulatoribus
1585 1302 1651 1336 per
1670 1290 1764 1326 idem

188 1358 330 1399 tempus
350 1352 435 1387 xxvi
447 1365 475 1388 s.
516 1352 564 1388 Et
583 1365 649 1400 pro
670 1353 755 1388 seris
775 1354 806 1388 le
821 1354 962 1401 glctspz's
979 1354 1107 1389 bandis
1124 1355 1222 1390 infra
1240 1355 1335 1390 idem
1357 1361 1498 1403 tempus
1517 1357 1602 1392 xxix
1616 1370 1642 1392 s.
1661 1358 1741 1394 iiiid
1757 1386 1763 1393 .

188 1420 236 1455 Et
252 1420 357 1456 soluti
377 1420 525 1456 domino
539 1421 680 1456 Jacobo
695 1421 832 1469 Waldy
852 1435 918 1469 pro
938 1422 1123 1458 laboribus
1143 1423 1212 1457 suis
1232 1423 1270 1458 in
1292 1423 1387 1459 dieto
1407 1424 1563 1472 collegio
1582 1438 1647 1472 per
1666 1426 1761 1461 idem

188 1496 330 1536 tempus
352 1489 417 1524 xlii
431 1501 456 1524 s.
476 1489 585 1524 viiid.
639 1489 688 1525 Et
714 1489 820 1525 soluti
847 1490 996 1525 domino
1023 1491 1203 1538 preposito
1230 1503 1296 1538 pro
1324 1491 1600 1539 superexpositis
1627 1493 1696 1528 suis
1725 1494 1760 1529 in

188 1557 313 1592 vltimo
333 1562 501 1604 compoto
520 1557 582 1592 suo
601 1570 672 1592 xxv
686 1570 710 1592 s.
730 1557 783 1592 iiii
796 1558 830 1593 d.
885 1558 933 1593 Et
950 1558 1092 1593 Jacobo
1114 1558 1218 1606 Gray
1237 1571 1304 1606 pro
1333 1559 1487 1595 seruicio
1509 1560 1570 1595 suo
1589 1561 1627 1595 in
1648 1561 1760 1596 choro

188 1624 262 1660 xiiii
275 1638 302 1660 s.
356 1625 404 1660 Et
422 1638 488 1672 per
507 1625 732 1674 empcionern
752 1625 858 1660 vnius
885 1627 916 1661 le
943 1628 1110 1675 erqsoune
1121 1627 1209 1673 stole
1228 1627 1290 1662 viii
1304 1640 1331 1662 s.
1378 1628 1426 1663 Et
1446 1628 1612 1664 vitriario
1632 1642 1674 1665 ac
1692 1642 1759 1677 pro

188 1693 420 1740 coopertorio
441 1692 622 1728 libratorii
642 1706 687 1727 xv
701 1706 728 1728 s.
763 1693 810 1728 Et
825 1693 958 1728 eisdem
976 1706 1044 1741 pro
1064 1695 1254 1742 empcione
1273 1696 1403 1743 viginti
1423 1703 1580 1743 quatuor
1598 1697 1758 1744 lapidum

187 1762 262 1797 xis.
282 1762 366 1797 vid.
419 1761 468 1797 Et
493 1773 559 1809 pro
587 1761 646 1796 sex
674 1762 705 1797 le
715 1763 861 1810 sperris
888 1774 959 1797 vno
987 1763 1018 1797 le
1040 1764 1131 1810 geffl
1159 1770 1195 1799 et
1222 1764 1392 1811 Effllcmcl
1420 1765 1508 1799 hurd
1533 1771 1568 1800 et
1597 1765 1758 1813 cariagio

187 1830 387 1865 eorundem
406 1829 509 1864 xxiiii
520 1842 547 1864 s.
567 1829 642 1865 iiiid
657 1857 664 1865 .
717 1829 766 1865 Et
792 1842 859 1877 pro
886 1831 1040 1866 seruicio
1068 1837 1252 1867 certorum
1280 1832 1496 1869 seruitorum
1520 1834 1615 1881 apud
1634 1834 1758 1881 lapici-

188 1898 287 1934 dium
315 1904 351 1934 et
377 1899 416 1933 in
439 1897 527 1933 villa
553 1898 598 1933 de
626 1897 750 1934 Leitht
777 1911 839 1933 xs.
893 1898 940 1934 Et
969 1899 1214 1935 abbreuiatori
1248 1906 1499 1947 compotorum
1531 1907 1567 1937 et
1593 1914 1660 1949 pro
1688 1903 1758 1938 suis

186 1966 372 2003 laboribus
390 1979 456 2014 per
474 1971 613 2014 tempus
642 1967 798 2014 compoti
827 1966 863 2001 xl
876 1979 903 2002 s.
957 1967 1005 2002 Et
1032 1967 1179 2003 domino
1200 1967 1386 2003 Willelmo
1406 1968 1567 2016 Tempill
1593 1982 1659 2017 pro
1687 1971 1758 2006 suis

186 2035 371 2070 laboribus
390 2040 427 2070 et
445 2034 608 2083 expensis
627 2035 665 2070 in
685 2035 896 2070 confistorio
923 2047 987 2083 per
1006 2041 1148 2082 tempus
1176 2037 1333 2083 compoti
1358 2037 1394 2071 in
1416 2037 1627 2074 defensione
1647 2039 1758 2086 priui-

186 2103 272 2151 legii
287 2103 373 2138 dieti
389 2103 535 2151 collegii
550 2103 588 2138 xl
601 2116 628 2138 s.
664 2102 713 2138 Et
727 2116 792 2151 pro
807 2103 954 2139 minutis
970 2116 1036 2151 per
1054 2104 1150 2139 idem
1165 2111 1306 2151 tempus
1321 2105 1367 2139 xli
1382 2118 1409 2140 s.
1427 2105 1461 2140 vi
1474 2106 1509 2141 d.
1547 2106 1594 2142 Et
1610 2107 1757 2142 domino

187 2171 373 2207 Willelmo
389 2171 537 2206 Wrieht
555 2171 591 2206 in
611 2171 953 2218 augmentacionem
971 2171 1021 2207 sui
1039 2172 1146 2207 officii
1163 2185 1230 2219 pro
1245 2172 1405 2209 dimedia
1419 2180 1523 2220 petre
1539 2187 1621 2210 cere
1636 2175 1713 2210 xiiii
1726 2189 1754 2211 s.

284 2239 430 2276 Summa
450 2238 687 2286 expensarum
706 2239 843 2274 lxxxiiii
857 2239 892 2274 li.
911 2239 983 2274 vis.
1004 2239 1054 2274 iiii
1069 2240 1104 2275 d.
1125 2246 1160 2275 et
1180 2240 1227 2276 sic
1245 2240 1383 2277 restant
1401 2241 1534 2276 xxxviii
1549 2255 1577 2277 s.
1594 2242 1645 2277 iiii
1659 2243 1693 2278 d.

234 2308 440 2343 JOHANNES
461 2306 592 2342 BRADY
611 2307 812 2354 prepositus
831 2320 940 2342 manu
970 2307 1212 2343 ALEXANDER
1226 2308 1466 2344 Tinna-:FER
1481 2322 1591 2345 manu
1605 2312 1753 2358 propria

283 2375 433 2422 propria
968 2375 1205 2411 W1L1AELMUS
1226 2375 1399 2412 WRYCHT
1418 2389 1528 2413 manu
1546 2379 1694 2426 propria

231 2444 439 2480 JOHANNES
459 2443 618 2480 LOGANE
639 2456 750 2479 manu
768 2444 919 2491 propria
973 2443 1214 2479 ALEXANDER
1234 2443 1405 2480 PANlTAR
1425 2457 1535 2480 manu
1554 2447 1703 2494 propria

232 2512 398 2548 TquAs
421 2512 534 2548 GULD
553 2524 663 2547 manu
681 2511 827 2560 propria
967 2511 1138 2547 JAcosz
1160 2512 1308 2547 WALDY
1328 2526 1437 2548 manu
1456 2514 1613 2561 propria.
