2147 2964
247 1315 266 1345 U!

271 1315 291 1345 (Lx

366 326 433 363 176
664 319 981 358 REGISTRUM
1008 317 1263 355 ECCLESIE
1292 316 1638 354 COLLEGIATE

361 435 441 458 rum
457 422 503 458 ad
518 422 748 457 seruiendum
761 421 798 456 in
813 421 908 455 dieto
925 419 1081 466 collegio
1096 417 1374 466 percipientium
1389 417 1579 452 annuatim
1596 424 1752 464 quatuor
1767 417 1879 453 libras
1892 418 1936 452 de

360 492 501 528 duobus
529 490 694 526 terminis
720 489 828 524 huius
856 488 1015 535 compoti
1048 486 1096 521 iiii
1109 486 1146 522 li.
1199 486 1247 521 Et
1278 499 1344 533 per
1373 486 1594 521 solucionem
1627 486 1757 522 fa&am
1789 485 1936 521 domiuo

361 560 504 595 Thome
534 559 717 595 iVardlaw
750 571 817 605 pro
849 557 1003 593 seruicio
1036 556 1097 590 suo
1129 555 1166 589 in
1199 554 1295 589 <lieno
1323 554 1479 602 collegio
1507 555 1552 590 de
1584 555 1749 591 terminis
1777 554 1937 602 compoti

359 629 411 664 iiii
424 629 461 664 li.
509 628 557 663 Et
584 628 690 662 soluti
717 626 880 674 Georgio
900 625 982 661 Bell
1010 637 1075 672 pro
1102 623 1257 658 seruicio
1286 623 1346 657 suo
1371 635 1437 670 per
1465 622 1559 658 idem
1588 629 1728 671 tempus
1757 622 1792 658 xl
1806 635 1834 658 s.
1888 621 1936 657 Et

360 697 526 732 feriando
544 709 611 743 pro
631 696 738 731 feodo
760 696 820 730 suo
840 695 885 730 de
906 692 1071 729 terminis
1091 691 1251 738 compoti
1271 691 1375 726 xiiis.
1396 691 1444 725 iiii
1458 691 1493 726 d.

464 765 610 802 Summa
629 765 866 812 expensarum
887 763 964 798 xliii
978 763 1014 797 li.
1036 761 1098 796 viii
1111 759 1145 794 d.
1166 765 1201 794 et
1217 757 1264 794 fic
1283 758 1556 806 superexposuit
1572 764 1784 806 compotans
1800 759 1885 794 xviii
1899 759 1934 794 li.

511 834 597 869 viis.
618 833 666 868 iiii
680 834 715 868 d.

358 897 565 932 -JOHANNES
586 895 746 931 LOGANE
767 907 878 929 manu
896 894 1048 941 propria
1201 894 1367 930 Tuoms
1390 894 1588 930 WATsoUN
1608 908 1718 930 manu
1737 896 1887 943 propria

360 966 605 1000 AnssxANDEn
628 962 750 999 ScoTT
771 974 879 997 manu
898 963 1049 1009 propria
1202 962 1444 999 WV1LLELMUS
1462 963 1642 999 TEMP1LL
1661 976 1771 999 manu
1786 965 1936 1012 propria

361 1033 566 1068 Hsschus
588 1031 851 1066 HADDINTOUN
872 1042 982 1065 manu
998 1032 1146 1079 propria
1203 1031 1367 1067 THOMAS
1391 1031 1505 1068 GULD
1524 1045 1632 1067 manu
1650 1032 1812 1080 propria.

360 1102 568 1137 Ronearus
590 1100 720 1135 BRADY
740 1111 851 1134 manu
868 1099 1018 1145 propria

360 1291 595 1345 Compown
625 1305 856 1340 dominorum
883 1303 1026 1339 Thome
1047 1302 1221 1339 Watsone
1250 1311 1285 1339 et
1305 1303 1483 1338 Willelmi
1513 1303 1674 1350 Tempill
1703 1303 1937 1339 eolle&orum

360 1375 509 1410 ecclesie
530 1380 565 1409 et
584 1373 738 1408 reetorie
759 1372 804 1407 de
824 1372 993 1407 Kirkurd
1020 1372 1203 1408 redditum
1234 1372 1329 1419 apud
1350 1372 1567 1419 Edinburgh
1597 1372 1632 1406 in
1659 1372 1755 1407 dieto
1783 1372 1937 1420 collegio

363 1444 530 1479 vicesimo
551 1443 607 1478 die
630 1442 760 1477 meniis
778 1441 948 1476 Januarii
977 1454 1073 1476 anno
1095 1440 1244 1476 Domini
1272 1440 1458 1476 millesimo
1486 1440 1776 1488 quingentesimo
1796 1441 1937 1476 decimo

361 1513 488 1560 quinto
517 1512 561 1546 de
590 1510 757 1545 omnibus
784 1508 942 1556 receptis
970 1509 1041 1544 suis
1069 1515 1104 1545 et
1132 1508 1298 1556 expensis
1326 1522 1347 1544 a
1374 1509 1433 1544 die
1461 1509 1602 1544 decimo
1629 1511 1758 1544 octauo
1778 1509 1936 1546 eiusdem

361 1581 489 1616 mensis
517 1579 602 1615 anni
630 1578 781 1614 Domini
810 1584 879 1613 etc.
908 1577 1189 1625 quingentefimi
1218 1577 1349 1613 decimi
1378 1577 1495 1624 quinti
1521 1577 1630 1624 vsque
1658 1577 1695 1612 in
1716 1577 1810 1613 diem
1831 1577 1937 1614 huius

361 1649 519 1696 compoti
537 1656 573 1684 et
592 1648 640 1682 fic
659 1648 704 1682 de
724 1647 865 1682 duobus
894 1646 1058 1681 terminis
1087 1646 1259 1682 videlieet
1278 1646 1537 1682 Pentheeostes
1565 1652 1601 1682 et
1631 1644 1753 1681 Sancti
1783 1646 1936 1683 Martini

360 1720 455 1754 infra
473 1718 543 1753 hoc
563 1722 771 1764 compotum
792 1728 916 1750 coram
936 1715 1164 1750 auditoribus
1183 1713 1445 1761 prebendariis.

361 1788 476 1823 Iidem
506 1791 661 1821 onerant
682 1785 718 1819 se
738 1784 775 1819 in
794 1783 920 1831 primis
940 1783 985 1818 de
1012 1783 1130 1818 xxxiii
1144 1783 1180 1817 li.
1207 1782 1270 1818 xix
1283 1795 1310 1817 s.
1331 1782 1367 1817 xi
1382 1782 1416 1816 d.
1442 1782 1487 1817 de
1514 1781 1609 1817 resta
1631 1782 1747 1818 vltimi
1777 1784 1935 1830 compoti

361 1856 558 1891 eorundem
593 1860 631 1888 vt
661 1859 762 1900 patet
794 1854 831 1887 in
862 1852 954 1900 pede
987 1852 1147 1898 compoti
1181 1851 1306 1886 vltimo
1338 1850 1472 1885 redditi
1506 1863 1571 1897 per
1602 1851 1746 1885 eosdem
1775 1871 1782 1877 ·
1810 1851 1859 1886 Et
1889 1852 1934 1886 de

362 1923 510 1959 xlviiili.
540 1923 585 1957 de
612 1922 790 1956 frufitibus
819 1919 967 1955 ecclesie
996 1920 1041 1954 de
1070 1919 1238 1954 Kirkvrd
1265 1918 1310 1953 de
1338 1918 1443 1953 diuis
1470 1919 1611 1954 duobus
1638 1918 1802 1954 terminis
1827 1919 1934 1955 huius

361 1992 518 2039 compoti
539 2012 545 2018 -
567 1991 615 2026 Et
644 1990 688 2024 de
722 1989 756 2024 ix
769 1989 805 2023 li.
835 1988 992 2035 receptis
1023 2001 1044 2022 a
1071 1987 1219 2022 domino
1249 1985 1430 2034 prepofito
1462 1986 1545 2022 dicti
1576 1986 1718 2033 collegii
1749 1987 1794 2023 de
1823 1988 1934 2022 firmis

361 2068 540 2095 terrarum
562 2059 607 2093 de
627 2058 801 2093 Ballerno
820 2069 886 2104 per
905 2063 1048 2103 tempus
1066 2055 1276 2103 predfftum.

464 2127 612 2163 Summa
630 2125 738 2160 huius
758 2124 990 2160 oneracionis
1009 2124 1124 2160 lxxxx
1136 2124 1173 2159 li.
1193 2124 1255 2159 xix
1269 2137 1292 2158 s.
1315 2124 1350 2158 xi
1365 2124 1399 2159 d.

362 2196 529 2243 Expense
558 2194 757 2229 eorundem
789 2215 795 2221 -
826 2192 869 2227 In
897 2192 1024 2239 primis
1055 2192 1262 2227 allocantur
1293 2191 1587 2238 compotantibus
1615 2203 1680 2237 per
1707 2191 1929 2228 solucionem

363 2265 489 2299 fafitam
519 2262 665 2297 domino
684 2261 849 2296 Roberto
875 2260 1000 2308 Brady
1028 2260 1174 2295 sacriste
1202 2260 1286 2295 diffi
1315 2259 1457 2306 collegii
1485 2259 1521 2294 in
1550 2259 1710 2305 quinque
1737 2258 1839 2294 libris
1867 2274 1933 2307 pro

363 2331 626 2366 fustem-acione
655 2342 737 2365 cere
764 2329 941 2364 luminum
971 2334 1007 2364 et
1034 2328 1312 2364 necessariorum
1344 2328 1379 2362 in
1408 2328 1504 2363 dieco
1532 2326 1684 2373 collegio
1711 2328 1929 2374 percipienti

364 2399 550 2434 annuatim
571 2399 695 2432 decem
715 2397 826 2432 libras
845 2410 912 2444 pro
932 2397 1027 2431 dista
1045 2396 1312 2432 sustentacione
1330 2395 1500 2430 videlicet
1519 2394 1784 2442 quinquaginta
1800 2397 1929 2433 solidos

364 2468 408 2501 wi
432 2465 519 2500 fosta
547 2466 591 2499 ad
617 2465 765 2500 uincula
793 2465 914 2501 Sanffiti
935 2465 1035 2500 Petri
1062 2464 1236 2500 Omnium
1267 2463 1483 2499 San&orum
1513 2461 1641 2497 Sanete
1662 2461 1780 2497 Marie
1809 2472 1844 2500 et
1872 2465 1929 2502 In-
