2147 2964
525 290 737 328 SANCTE
765 291 1084 328 TRINITATIS
1111 292 1182 328 DE
1209 291 1545 330 EDINBURGH.
1776 298 1818 330 81

248 389 522 436 quomodolibet
541 390 578 426 in
599 390 760 426 futurum
780 391 894 427 libere
914 391 1035 438 quiete
1054 391 1218 438 plenarie
1237 392 1381 439 integre
1401 392 1602 428 honorifice
1622 394 1714 429 bene
1730 401 1765 430 et
1780 395 1817 429 in

246 469 337 504 pace
347 458 420 493 fine
433 458 678 494 retinemento
691 459 932 495 reuocacione
944 465 1006 495 aut
1019 460 1316 495 contradiccione
1330 473 1547 508 quacunque
1561 474 1643 497 cum
1655 462 1820 510 plenaria

245 526 422 573 potestate
439 532 475 562 et
493 526 663 563 libertate
683 527 972 563 inhabitantibus
992 529 1265 574 prenominatas
1285 534 1400 564 terras
1420 536 1482 565 aut
1501 530 1658 577 aliquam
1678 538 1817 579 partem

246 595 444 630 earundem
464 601 500 631 et
518 594 753 641 imposterum
781 607 848 642 pro
867 601 1043 643 perpetuo
1071 596 1329 632 inhabitaturis
1357 599 1501 633 emendi
1521 606 1557 635 et
1577 600 1760 635 vendendi
1781 601 1817 635 in

245 662 379 697 eisdem
399 662 485 697 vina
512 675 634 698 ceram
660 675 821 710 pannum
847 662 994 698 laneum
1014 668 1049 699 et
1071 663 1208 699 lineum
1236 664 1349 700 latum
1369 671 1405 700 et
1424 672 1543 701 artum
1563 667 1707 714 aliaque
1726 681 1818 704 mer-

245 730 403 765 cimonia
421 743 464 766 ac
483 743 564 766 cum
583 731 762 778 potestate
777 737 813 766 et
831 730 1005 766 facultate
1024 730 1184 765 habendi
1204 737 1239 766 et
1258 732 1407 766 tenendi
1427 732 1581 778 pistores
1600 734 1817 770 brafiatores

243 797 433 834 carnifices
450 803 486 833 et
505 803 579 834 tam
598 799 764 834 carnium
784 811 892 845 quam
919 799 1071 845 piscium
1099 799 1328 835 macellarios
1354 800 1513 848 aliosque
1533 802 1672 837 arcium
1692 815 1817 850 opera-

242 866 316 901 rios
343 867 389 902 ad
416 866 622 902 libertatem
649 867 876 914 prefatarum
904 873 1086 902 terrarum
1115 880 1197 903 cum
1222 868 1459 914 pertinenciis
1478 890 1485 897 ·
1507 869 1712 906 Reddendo
1731 871 1816 907 inde

241 935 431 971 annuatim
450 935 584 983 prefati
601 935 810 971 WVillelmus
825 935 991 984 Douglas
1016 935 1170 972 heredes
1187 936 1239 971 sui
1259 942 1295 972 et
1314 936 1480 985 affignati
1500 939 1691 986 prescripti
1712 940 1816 975 nobis

241 1010 277 1039 et
296 1003 554 1039 suecessoribus
572 1004 705 1039 nostris
724 1005 811 1040 dicffi
832 1004 978 1052 collegii
999 1005 1124 1040 decem
1141 1005 1272 1040 solidos
1288 1006 1420 1041 vsualis
1437 1013 1583 1042 monete
1601 1006 1730 1043 Scocie
1748 1021 1815 1055 pro

240 1079 404 1120 tempore
430 1073 612 1109 currentis
640 1073 687 1108 ad
709 1074 800 1109 duos
828 1074 916 1109 anni
944 1074 1120 1109 terminos
1139 1073 1399 1109 Penthecostes
1428 1075 1600 1112 videlicet
1628 1082 1663 1111 et
1693 1076 1814 1113 Sanffi

240 1142 391 1178 Martini
419 1142 456 1177 in
484 1141 605 1178 hieme
634 1155 699 1190 per
719 1143 866 1190 equales
892 1143 1087 1190 porciones
1115 1148 1256 1178 tantum
1284 1156 1350 1192 pro
1369 1144 1469 1179 omni
1489 1144 1561 1179 alio
1580 1157 1692 1180 onere
1711 1158 1816 1182 exac-

239 1211 343 1246 cione
362 1210 550 1258 questione
575 1211 758 1247 demanda
781 1212 842 1247 seu
866 1211 1020 1247 seruicio
1047 1211 1201 1247 seculari
1228 1225 1298 1259 que
1318 1213 1363 1248 de
1382 1212 1486 1248 difftis
1505 1214 1614 1249 terris
1634 1227 1716 1250 cum
1735 1227 1814 1262 pcr-

239 1279 407 1315 tinenciis
434 1292 500 1327 per
528 1280 763 1327 quoscunque
796 1280 887 1315 iuste
918 1280 1014 1327 exigi
1046 1286 1221 1327 poterunt
1253 1281 1528 1327 quomodolibet
1558 1282 1615 1317 vel
1646 1283 1813 1330 requiri·

239 1347 419 1383 Volumus
438 1353 561 1383 tamen
581 1349 679 1394 quod
698 1348 870 1396 deinceps
889 1348 1032 1384 defefitu
1058 1348 1251 1383 solucionis
1271 1349 1357 1384 diffi
1385 1350 1497 1385 annui
1516 1350 1680 1386 redditus
1701 1352 1813 1387 feodi-

238 1416 341 1451 firme
361 1416 477 1452 tribus
503 1416 668 1451 terminis
693 1416 993 1452 transfluentibus
1021 1422 1057 1452 et
1077 1416 1282 1453 huiusmodi
1302 1430 1424 1453 annuo
1443 1419 1590 1454 redditu
1610 1420 1812 1456 feodifirme

237 1485 386 1520 minime
415 1485 452 1520 in
478 1485 595 1520 forma
620 1485 823 1533 prescripta
850 1485 1033 1533 persoluto
1061 1485 1100 1520 in
1127 1484 1198 1520 hoc
1226 1485 1308 1520 casu
1337 1498 1462 1521 omnes
1489 1492 1525 1522 et
1552 1487 1691 1536 singule
1717 1489 1811 1524 diae

238 1560 335 1589 terre
355 1553 522 1589 edificate
543 1559 578 1589 et
598 1553 695 1589 vaste
722 1559 830 1601 prout
856 1553 1061 1600 specialiter
1085 1554 1192 1601 supra
1219 1561 1481 1600 expremuntur
1500 1555 1603 1590 nobis
1623 1562 1659 1591 et
1678 1557 1812 1592 succes-

237 1620 375 1656 soribus
393 1620 524 1655 nostris
543 1626 579 1656 et
598 1620 694 1655 dieto
715 1620 869 1668 collegio
889 1620 980 1656 adeo
1007 1621 1096 1656 ficut
1115 1627 1200 1656 ante
1220 1622 1493 1658 confeccionem
1512 1625 1691 1671 presentis
1711 1633 1811 1661 carte

236 1688 339 1723 nobis
362 1688 597 1736 pertinebant
624 1694 813 1724 reuertent
840 1689 914 1723 fine
944 1689 1206 1737 impedimento
1234 1696 1296 1725 aut
1323 1690 1413 1725 iuris
1440 1692 1696 1739 persecucione
1724 1707 1810 1741 qua-

236 1769 380 1804 cunque
401 1779 408 1786 ·
426 1756 474 1792 Et
493 1769 559 1791 nos
579 1769 666 1793 vero
686 1757 819 1805 prefati
838 1756 1029 1792 Johannes
1049 1757 1175 1806 Brady
1195 1758 1398 1806 prepositus
1417 1766 1453 1794 et
1472 1760 1706 1806 prebendarii
1724 1762 1809 1798 diffi

235 1825 382 1872 collegii
405 1824 472 1872 [et]
494 1825 710 1860 successores
730 1824 840 1860 nostri
859 1837 985 1860 omnes
1010 1832 1045 1861 et
1064 1826 1222 1874 singulas
1249 1827 1468 1875 prescriptas
1487 1835 1603 1864 terras
1623 1830 1809 1866 edificatas

235 1899 272 1929 et
290 1893 408 1929 vastas
433 1905 537 1928 acras
564 1892 761 1940 particatas
789 1892 1021 1940 quascunque
1050 1900 1197 1930 vocatas
1225 1895 1272 1930 lie
1302 1895 1543 1932 Soltrelandis
1563 1911 1645 1933 cum
1665 1899 1754 1934 ortis
1773 1906 1809 1935 et

234 1962 283 1997 lie
320 1961 484 1997 outsettis
521 1961 721 1996 earundem
757 1961 965 2008 vbicunque
1000 1961 1161 1998 iacentes
1198 1963 1295 1999 infra
1323 1964 1512 1999 baroniam
1541 1972 1577 2001 et
1608 1966 1731 2002 villam
1763 1968 1807 2003 de

236 2028 372 2065 Hawik
393 2028 574 2076 medietas
602 2041 682 2063 cum
712 2029 879 2064 omnibus
906 2028 976 2064 suis
1003 2031 1242 2076 pertinenciis
1269 2032 1411 2078 prefato
1428 2032 1613 2068 Willelmo
1632 2033 1807 2082 Dowglas

235 2098 432 2134 heredibus
456 2097 525 2133 suis
553 2103 589 2133 et
616 2097 800 2145 affignatis
827 2098 919 2134 adeo
947 2098 1061 2134 libere
1089 2104 1124 2134 et
1151 2099 1272 2145 quiete
1299 2100 1337 2134 in
1363 2100 1527 2135 omnibus
1548 2107 1584 2136 et
1602 2114 1666 2149 per
1685 2104 1807 2139 omnia

237 2167 354 2202 forma
372 2166 512 2214 pariter
532 2171 567 2202 et
586 2166 716 2202 effe&u
732 2171 770 2201 vt
789 2166 1024 2214 prescriptum
1043 2167 1095 2202 est
1114 2173 1243 2202 contra
1262 2180 1387 2203 omnes
1405 2168 1577 2204 mortales
1592 2171 1805 2207 warantiza—

237 2235 354 2271 bimus
374 2235 662 2282 acquietabimus
681 2240 717 2270 et
736 2235 1003 2283 imperpetuum
1023 2235 1259 2271 defendemus
1277 2257 1283 2263 -
1302 2235 1345 2271 In
1366 2236 1468 2272 cuius
1487 2238 1540 2273 rei
1560 2238 1804 2276 testimonium

238 2304 321 2340 huic
346 2303 503 2353 presenti
531 2309 631 2339 carte
658 2303 812 2351 sigillum
839 2303 1001 2338 nostrum
1029 2315 1220 2339 commune
1248 2303 1335 2338 (Ιίἃί
1367 2304 1510 2352 collegii
1538 2307 1700 2342 vnanimi
1727 2309 1804 2343 sub-

239 2373 441 2420 scripcione
468 2372 592 2407 nostra
625 2377 661 2407 et
692 2371 1017 2419 subscripcionibus
1044 2371 1274 2407 manualibus
1300 2372 1448 2408 maioris
1479 2373 1593 2420 partis
1624 2374 1803 2411 dictorum

240 2440 568 2488 prebendariorum
600 2440 651 2475 est
685 2440 876 2488 appensum
913 2440 1008 2488 apud
1040 2439 1257 2487 Edinburgh
1290 2447 1421 2487 quarto
1453 2441 1512 2477 die
1543 2442 1672 2478 menfis
1700 2443 1725 2480 J
1728 2445 1804 2480 unii

1004 2521 1023 2543 L
