2147 2964
150 623 192 658 61

150 1821 196 1856 62

149 2109 196 2145 63

539 314 747 351 SANCTE
777 312 1095 350 TRINITATIS
1122 312 1193 348 DE
1222 312 1553 349 EDINBURGH.
1763 317 1826 349 121

263 501 376 536 Carta
395 499 622 546 01111›hite‹›fis
641 512 725 534 acre
746 506 843 534 terre
863 511 943 533 cum
965 498 1082 533 crofta
1101 497 1253 533 iacentis
1274 498 1310 532 in
1331 498 1474 533 Hawik.

267 605 462 660 OMMBUS
484 650 488 655 .
507 650 512 655 .
532 650 537 655 .
557 621 725 656 dominus
758 621 920 656 Thomas
954 619 1099 656 Cairnis
1135 620 1344 667 capellanus
1377 620 1503 656 altaris
1535 620 1632 655 Diue
1663 620 1829 668 Virginis

263 689 380 724 Marie
400 689 518 724 situati
546 689 642 724 infra
668 687 854 724 ecelesiam
882 686 1148 734 parrochialem
1176 687 1221 722 de
1243 686 1365 723 Soltra
1392 687 1541 723 salutem
1562 715 1567 721 .
1587 717 1592 722 .
1612 717 1617 722 .
1641 688 1829 724 Noueritis

263 770 339 792 me.
359 786 364 791 .
384 786 389 790 .
409 757 446 791 in
467 756 708 791 feudifirmam
727 783 733 789 .
753 784 758 789 .
778 783 783 788 .
804 753 980 789 dimiffiss'e
1000 782 1006 788 .
1025 782 1030 788 .
1050 783 1056 788 .
1073 754 1255 789 Willelmo
1278 754 1380 791 Scott
1399 755 1436 790 in
1456 755 1591 790 Hawik
1610 757 1647 791 in
1663 785 1668 790 .
1684 785 1689 790 .
1705 786 1709 790 .
1728 757 1827 792 vitali

260 824 405 860 redditu
424 853 429 859 .
449 853 454 858 .
475 852 481 859 .
503 831 539 859 et
558 824 718 859 Roberto
740 822 842 859 Scott
860 822 922 857 suo
941 821 1016 856 filio
1035 828 1071 857 et
1089 822 1216 857 heredi
1236 823 1428 869 apparenti
1447 852 1453 858 .
1473 852 1478 856 .
1498 851 1503 856 .
1523 823 1745 859 hereditarie
1764 853 1768 858 .
1791 854 1794 858 .
1821 853 1827 859 .

260 893 411 928 eroftam
441 898 538 927 terre
570 897 817 939 nuncupatam
855 889 1072 927 Soltracroft
1108 890 1287 925 iacentem
1324 891 1361 925 in
1391 890 1477 926 villa
1509 897 1545 927 ct
1573 891 1757 927 territorio
1785 894 1829 928 de

263 960 394 996 Hawik
422 960 515 995 inter
543 966 658 995 terras
686 965 915 1006 nuncupatas
946 958 1140 1005 Ladyland
1172 972 1216 994 ex
1245 959 1415 995 orientali
1449 966 1565 996 terras
1603 962 1829 1008 pertinentes

259 1028 508 1064 communitati
529 1028 573 1063 de
594 1027 728 1063 Hawik
748 1040 790 1062 ex
811 1027 1029 1062 occidentali
1061 1040 1289 1063 communem
1311 1028 1406 1063 viam
1427 1041 1471 1064 ex
1491 1029 1639 1065 australi
1659 1036 1695 1065 et
1715 1037 1830 1066 terras

259 1098 304 1133 de
324 1097 414 1132 Vest
432 1099 547 1132 manis
566 1096 611 1131 de
632 1095 766 1131 Hawik
790 1095 1017 1142 pertinentes
1036 1096 1183 1131 domino
1203 1096 1247 1131 de
1267 1096 1520 1133 Drumlanark
1547 1111 1590 1133 ex
1610 1099 1739 1134 boriali
1761 1127 1767 1134 .
1791 1127 1798 1134 .
1820 1128 1827 1135 .

259 1179 403 1201 necnon
426 1193 433 1200 .
454 1192 462 1200 .
485 1193 492 1199 .
514 1177 636 1200 acram
657 1171 755 1200 terre
775 1169 939 1199 vocatam
961 1164 1126 1200 Blakatis
1149 1164 1264 1213 ayker
1283 1165 1462 1201 iacentem
1483 1166 1520 1201 in
1540 1167 1599 1215 lye
1619 1166 1683 1202 Est
1700 1180 1829 1216 manys

260 1234 304 1269 de
332 1233 465 1268 Hawik
493 1245 602 1280 quam
630 1232 745 1267 dietus
768 1231 964 1267 Villelmus
990 1245 1089 1268 nunc
1116 1239 1269 1280 occupat
1296 1246 1440 1269 necnon
1463 1262 1470 1269 .
1493 1263 1500 1269 .
1522 1264 1529 1271 .
1552 1235 1704 1271 croftam
1732 1242 1829 1272 terre

260 1307 504 1349 nuncupatam
523 1300 826 1348 Campiouncroft
845 1313 953 1347 quam
971 1300 1136 1336 Adamus
1157 1300 1336 1337 Cesfurde
1356 1315 1453 1337 nunc
1474 1310 1630 1350 occupat
1648 1304 1826 1340 iacentem

261 1371 298 1404 in
318 1370 421 1405 dietis
439 1369 499 1416 lye
519 1368 581 1403 Est
601 1368 717 1403 manis
741 1368 779 1403 in
799 1368 952 1403 baronia
969 1369 1013 1403 de
1034 1368 1168 1403 Hawik
1188 1375 1223 1403 et
1242 1369 1339 1405 infra
1357 1370 1650 1407 vicecomitatum
1671 1373 1716 1407 de
1735 1372 1830 1408 Rox-

260 1437 376 1473 burch
396 1459 402 1465 ·
424 1437 641 1484 quequidem
664 1464 671 1471 .
694 1464 701 1471 .
723 1465 730 1471 .
750 1436 850 1483 prius
871 1464 876 1470 .
898 1463 906 1471 .
929 1464 936 1471 .
956 1436 1069 1471 locari
1095 1437 1361 1472 consueuerunt
1381 1439 1568 1474 annuatim
1588 1452 1653 1487 pro
1671 1440 1729 1476 sex
1750 1441 1827 1475 soli-

261 1507 316 1540 ‹lis
346 1512 381 1541 et
410 1507 489 1540 οέὶο
518 1504 678 1539 denariis
700 1532 706 1538 .
729 1531 737 1538 .
759 1531 766 1538 .
789 1502 910 1540 Scotie
943 1510 1083 1539 tantum
1111 1531 1118 1538 .
1142 1531 1149 1538 .
1173 1532 1180 1539 .
1209 1504 1412 1541 Reddendo
1442 1507 1525 1542 inde
1553 1509 1740 1543 annuatim
1761 1537 1768 1543 .
1795 1536 1827 1544 ..

262 1575 432 1608 summam
463 1572 581 1608 (lecim
614 1572 808 1607 solidorum
830 1600 836 1607 .
859 1600 866 1607 .
891 1600 897 1606 .
919 1572 1031 1619 Apud
1053 1600 1059 1607 .
1082 1600 1086 1605 .
1110 1600 1116 1606 .
1140 1571 1347 1620 Collegium
1378 1587 1475 1609 nono
1503 1575 1562 1610 die
1586 1575 1715 1611 mensis
1736 1576 1826 1611 Maii

262 1654 357 1676 anno
377 1640 529 1675 Domini
549 1639 736 1674 millefimo
756 1639 1057 1686 quingenteffimo
1077 1639 1376 1687 quinquagesimo
1397 1642 1557 1689 septimo.

260 1803 514 1856 PRECEPTUM
535 1818 646 1852 saiine
664 1818 863 1852 earundem
883 1818 1006 1853 datum
1026 1818 1106 1853 loco
1126 1818 1184 1853 die
1204 1820 1323 1854 mense
1343 1826 1378 1854 et
1397 1833 1493 1855 anno
1513 1821 1641 1867 quibus
1661 1822 1778 1869 supra.

262 1991 343 2026 The
363 1992 425 2026 tak
445 1992 485 2026 of
500 1990 561 2026 the
580 1989 679 2037 hayll
699 1989 796 2037 kyrk
817 1990 856 2023 of
873 1988 1019 2035 Solu-ay
1039 1991 1150 2038 bayth
1170 1992 1370 2038 personage
1391 1992 1463 2027 and
1483 1992 1662 2040 vicarage.

260 2094 333 2147 BE
353 2111 382 2146 it
400 2110 498 2145 kend
519 2138 526 2145 .
548 2138 554 2144 .
577 2138 583 2144 .
603 2121 660 2144 me
681 2108 774 2156 Scyl·
791 2108 939 2155 George
956 2107 1203 2156 Clappertoun
1223 2110 1377 2154 prowest
1399 2108 1500 2156 [etc]
1523 2115 1560 2144 to
1579 2110 1680 2146 hawe
1700 2112 1750 2146 set
1766 2138 1771 2143 .
1790 2139 1797 2146 .
1816 2140 1822 2146 .

260 2186 296 2214 to
317 2206 324 2214 .
345 2207 352 2213 .
373 2206 380 2213 .
402 2178 588 2214 Williame
618 2176 774 2212 Borthik
803 2175 843 2211 of
872 2175 994 2212 Soltra
1025 2175 1147 2211 Manis
1176 2176 1249 2210 and
1277 2175 1477 2212 Catherine
1503 2176 1741 2225 Creychtoun
1768 2179 1824 2214 his

260 2248 372 2294 spows
393 2274 401 2282 .
422 2274 430 2282 .
449 2275 456 2281 .
477 2246 550 2282 and
577 2252 614 2281 to
641 2245 703 2281 the
731 2244 829 2292 ayris
852 2271 859 2279 .
882 2272 888 2279 .
912 2272 919 2279 .
947 2244 1065 2291 gottin
1093 2244 1217 2279 betuix
1245 2244 1366 2280 thame
1394 2245 1555 2292 quhilkis
1582 2246 1759 2295 failyeing
1786 2255 1823 2284 to

260 2314 320 2350 the
348 2315 424 2350 said
442 2313 660 2349 Williameis
687 2312 785 2360 ayris
812 2325 853 2347 or
878 2311 1043 2360 affignais
1070 2312 1350 2359 quhatsumeuer
1369 2315 1441 2349 and
1460 2314 1555 2349 thair
1574 2315 1824 2352 subtennentis

262 2410 268 2416 .
292 2410 298 2416 .
321 2410 329 2418 .
351 2395 409 2430 my
428 2381 525 2430 kyrk
545 2381 585 2416 of
604 2380 748 2427 Soltray
767 2379 879 2427 bayth
898 2380 1098 2428 personage
1117 2380 1190 2415 and
1210 2380 1378 2429 vicarage
1400 2410 1406 2416 .
1430 2410 1437 2417 .
1460 2410 1467 2417 .
1487 2382 1543 2418 for
1560 2410 1567 2418 .
1588 2411 1595 2417 .
1616 2411 1623 2418 .
1639 2391 1823 2432 nynetene

260 2451 371 2497 yeiris
400 2478 405 2483 .
437 2478 444 2485 .
474 2478 481 2485 .
510 2449 662 2496 Payand
690 2448 827 2483 heirfor
854 2448 973 2495 yeirly
995 2473 1001 2480 .
1024 2475 1031 2482 .
1056 2476 1062 2482 .
1092 2448 1152 2483 the
1184 2448 1289 2483 sowm
1318 2449 1358 2484 of
1382 2449 1518 2498 thretty
1544 2452 1676 2498 pundis
1703 2481 1710 2487 .
1732 2481 1738 2487 .
1760 2481 1766 2488 .
1788 2455 1828 2488 of

1009 2529 1030 2554 Q
