2147 2964
69 758 135 795 191

76 1786 142 1823 192

480 325 691 363 SANCTE
719 327 1039 366 TRINITATIS
1064 330 1136 367 DE
1162 331 1498 372 EDINBURGH.
1700 342 1771 374 215

202 420 343 468 singula
361 424 497 468 pun&a
514 423 553 458 in
573 426 773 461 eorundem
793 426 1012 463 fundacione
1039 434 1212 465 contenta
1231 432 1293 466 sub
1312 433 1527 480 repulsionis
1548 447 1643 482 pena
1659 449 1680 471 a
1699 437 1769 473 suis

201 488 290 524 locis
315 488 414 524 infra
440 489 576 525 difitum
603 491 778 539 hospitale
807 494 865 529 vel
891 495 938 529 ad
965 494 1196 543 allegandum
1221 500 1361 535 causam
1382 500 1442 536 seu
1462 502 1585 538 causas
1603 504 1768 540 raciona-

201 557 307 592 bilem
327 556 387 592 seu
406 557 650 594 racionabiles
669 571 783 606 quare
802 562 969 608 premissa
985 563 1106 599 fienda
1123 577 1198 600 non
1218 567 1404 603 deberent.

202 746 377 799 Dncmo
396 760 512 797 tercio
531 761 590 797 die
609 762 740 798 mensis
759 762 951 799 Februarii
978 776 1074 799 anno
1093 764 1246 801 Domini
1275 767 1462 804 millesimo
1481 771 1768 819 quingentesimo

202 828 478 877 quadragesimo
505 829 634 876 quinto
653 851 660 858 ·
680 829 764 873 Quo
783 830 841 866 die
872 843 937 866 nos
965 833 1183 868 venerabilis
1202 834 1257 869 vir
1277 835 1443 871 dominus
1463 838 1643 886 Georgius
1664 840 1770 890 Clap-

202 904 358 946 pertoun
385 897 588 946 prepositus
616 898 766 935 ecclesie
794 899 988 948 collegiate
1009 899 1233 938 Sanfflffime
1254 902 1448 941 Trinitatis
1467 919 1581 954 prope
1601 909 1769 957 oppidum

202 967 247 1002 de
275 966 495 1014 Edinburgh
521 979 564 1002 ac
591 967 818 1003 subdecanus
850 968 990 1015 capelle
1021 969 1148 1016 regine
1182 969 1432 1019 Stirlingensis
1460 986 1613 1010 vnacum
1641 979 1769 1013 ceteris

201 1035 455 1083 prebendariis
490 1035 585 1072 dicte
619 1036 768 1072 ecclesie
802 1037 996 1085 collegiate
1032 1036 1255 1073 Sanfitiffime
1292 1038 1487 1077 Trinitatis
1523 1044 1770 1090 capitulariter

203 1104 436 1152 congregatis
462 1109 497 1140 te
525 1104 715 1141 dominum
733 1105 915 1141 Jacobum
935 1105 1101 1142 Vatsoun
1129 1106 1357 1153 capellanum
1382 1109 1427 1144 ob
1453 1117 1553 1146 certa
1581 1119 1643 1147 tua
1662 1113 1770 1148 (limeu

202 1174 275 1210 rita
302 1180 338 1210 et
365 1174 507 1210 defe&a
532 1187 599 1222 per
627 1180 662 1210 te
689 1175 889 1211 enormiter
911 1179 1122 1223 perpetrata
1150 1174 1396 1221 suspendimus
1423 1178 1468 1213 ab
1495 1178 1649 1226 ingressu
1669 1181 1770 1216 chori

205 1249 241 1278 ct
265 1242 415 1291 capituli
439 1249 476 1278 et
503 1243 583 1278 aliis
611 1243 747 1279 diuinis
774 1243 938 1279 seruiciis
967 1249 1003 1279 et
1030 1243 1099 1278 hoc
1125 1244 1170 1279 ob
1190 1245 1384 1280 nonnullas
1407 1246 1625 1283 iniuriarum
1645 1251 1772 1285 causas

208 1311 304 1346 dieto
324 1311 505 1359 preposito
526 1318 562 1347 et
589 1312 842 1359 prebendariis
869 1324 934 1359 per
959 1318 994 1348 te
1021 1311 1207 1347 illatarum
1234 1312 1383 1348 diuersis
1411 1314 1547 1350 vicibus
1575 1322 1658 1352 ante
1677 1318 1771 1352 diem

211 1380 294 1415 date
309 1392 374 1427 pre
428 1379 536 1415 icium
556 1385 592 1416 et
610 1380 680 1416 hoc
695 1379 804 1427 vsque
824 1380 869 1415 ad
888 1379 1051 1416 nostrum
1070 1393 1207 1416 nouum
1226 1382 1434 1417 mandatum
1451 1389 1486 1419 ct
1506 1384 1770 1432 beneplacitum

204 1448 367 1483 nostrum
393 1468 400 1475 ·
421 1448 445 1483 J.
460 1448 534 1496 pud
553 1448 717 1484 nostrum
741 1448 935 1497 collegium
962 1449 1163 1497 predi&um
1192 1449 1250 1485 die
1270 1456 1303 1485 et
1323 1463 1419 1485 anno
1437 1464 1507 1497 quo
1528 1451 1633 1499 supra
1653 1475 1659 1482 -
1682 1452 1769 1489 Sub-

206 1516 376 1565 scriptum
397 1529 478 1552 mea
495 1517 655 1553 manuali
675 1517 951 1565 subscripcione.

1200 1587 1401 1623 Gnonmus
1425 1587 1717 1624 CLAPPERTONE.

208 1773 382 1826 DECIMO
402 1792 531 1825 ofitauo
549 1789 609 1825 die
628 1789 758 1825 mensis
776 1789 969 1826 Februarii
988 1803 1084 1826 anno
1103 1791 1251 1827 Domini
1278 1790 1464 1826 millesimo
1484 1791 1768 1839 quingentesimo

209 1856 485 1904 quadragesimo
512 1856 641 1904 quinto
661 1879 668 1886 -
690 1856 774 1899 Quo
806 1857 864 1892 die
895 1857 1064 1894 dominus
1094 1859 1256 1894 Jacobus
1280 1858 1464 1893 Vatsoune
1491 1859 1700 1906 capellanus
1727 1874 1768 1896 ac

208 1939 300 1961 vnus
317 1925 582 1973 hospitulorum
602 1925 838 1961 fundatorum
866 1926 962 1961 infra
989 1926 1174 1962 ecclesiam
1199 1925 1428 1973 collegiatam
1447 1925 1667 1963 Sanstiffime
1688 1928 1770 1963 Tri-

208 1994 334 2030 nitatis
351 2006 464 2042 prope
482 1993 654 2041 oppidum
678 1994 723 2029 de
744 1993 961 2041 Edinburgh
980 1995 1184 2042 comparuit
1208 2006 1327 2029 coram
1349 1994 1546 2029 venerabili
1566 2001 1600 2030 et
1620 1997 1768 2043 egregio

211 2062 289 2097 viro
308 2061 456 2097 domino
477 2061 639 2109 Georgio
661 2061 911 2110 Clappertoun
939 2062 1032 2098 diae
1060 2061 1208 2097 ecclesie
1235 2060 1426 2108 collegiatc
1453 2062 1633 2108 preposito
1652 2065 1768 2111 capel-

210 2131 318 2177 leque
353 2129 481 2177 regine
520 2129 821 2177 Stiruillingensis
860 2129 1063 2165 subdecano
1106 2128 1305 2175 ceterisque
1342 2129 1592 2175 prebendariis
1630 2131 1769 2178 prefate

212 2197 361 2234 ecclesie
396 2197 589 2245 collegiate
621 2198 874 2246 capitulariter
906 2197 1136 2244 congregatis
1166 2202 1201 2231 et
1231 2196 1365 2231 ibidem
1396 2195 1434 2230 in
1465 2197 1653 2243 presencia
1683 2199 1769 2234 diffl

213 2266 382 2315 prepositi
413 2271 449 2302 et
478 2266 805 2314 prebendariorum
836 2265 955 2312 palam
986 2270 1022 2300 et
1056 2263 1200 2311 publice
1230 2262 1405 2299 confessus
1437 2264 1487 2299 est
1519 2264 1553 2300 sc
1588 2266 1769 2303 iniuriafle

214 2334 413 2370 enormiter
448 2340 485 2370 et
523 2333 777 2381 multipliciter
812 2331 960 2367 diuersis
998 2331 1134 2366 vicibus
1170 2337 1254 2366 ante
1290 2330 1383 2367 diem
1421 2332 1505 2367 date
1541 2333 1768 2380 presencium

214 2402 396 2449 prefatum
423 2401 643 2450 prepositum
668 2407 704 2436 et
735 2399 928 2435 nonnullos
959 2398 1048 2434 alios
1078 2398 1337 2446 prebendarios
1366 2398 1460 2435 diae
1489 2399 1636 2436 ecclesie
1663 2403 1770 2438 colle-

214 2469 311 2516 giate
342 2489 349 2497 ·
381 2476 576 2517 propterea
613 2476 784 2515 tanquam
813 2466 1024 2502 obediencie
1061 2466 1155 2501 filius
1192 2465 1346 2513 genibus
1381 2466 1482 2502 flexis
1523 2480 1643 2504 eoram
1675 2470 1770 2506 dieto
