2147 2964
521 286 732 322 SANCTE
762 285 1080 322 TRINITATIS
1109 286 1179 321 DE
1208 286 1541 324 EDINBURGH.
1746 292 1815 323 125

242 384 349 431 vulgo
369 391 497 420 vocata
517 384 707 421 Blaklokis
736 386 825 421 clois
853 399 896 420 cx
926 391 1028 433 parte
1053 385 1222 421 orientali
1250 387 1407 421 eiusdem
1438 386 1602 421 clausure
1630 399 1728 421 nunc
1747 400 1812 433 per

240 451 419 488 Thomam
440 452 710 501 Levingstoune
738 460 955 500 occupatum
984 454 1078 489 inter
1107 459 1223 489 terras
1251 453 1409 490 Dauidis
1432 454 1593 490 Kiuloch
1622 455 1810 503 burgensis

237 521 282 555 de
304 520 517 568 Edinburgh
538 534 582 557 ex
601 521 750 556 australi
770 527 887 557 terras
907 522 1058 568 Georgii
1074 521 1305 557 Johnstoune
1325 535 1368 558 ex
1387 523 1517 558 boriali
1534 529 1569 558 et
1589 523 1705 558 terras
1722 523 1807 558 diffi

240 587 392 624 Dauidis
408 588 568 624 Kinloch
589 602 633 624 ex
652 589 872 625 occidentali
893 602 935 624 ac
954 595 1071 624 terras
1087 589 1278 625 Willielmi
1295 590 1372 625 Ker
1391 590 1579 638 burgensis
1598 591 1682 626 diffi
1701 592 1805 638 burgi

237 670 280 691 ex
300 656 469 691 orientali
488 685 493 690 .
516 685 521 690 .
541 685 546 690 .
568 656 772 691 Reddendo
792 657 877 692 inde
896 685 901 690 .
922 685 926 690 .
947 686 951 690 .
972 657 1159 692 annuatim
1179 686 1184 691 .
1205 686 1210 691 .
1229 686 1234 690 .
1255 658 1426 693 summam
1448 665 1604 705 quatuor
1632 659 1805 694 librarum

235 753 239 758 .
260 753 264 758 .
284 753 290 758 .
310 723 432 760 Scotie
461 730 644 771 tamquam
674 725 863 771 antiquam
882 725 1023 760 firmam
1043 752 1048 757 .
1070 755 1074 758 .
1095 753 1099 758 .
1120 738 1264 760 necnon
1283 754 1289 760 .
1309 755 1314 759 .
1334 754 1339 759 .
1360 726 1514 761 duorum
1536 727 1731 762 solidorum
1751 757 1755 761 .
1776 757 1780 761 .
1801 757 1805 761 .

234 794 271 827 in
291 792 624 840 augmentationem
656 792 807 827 rentalis
826 821 831 825 .
851 821 856 825 .
877 821 882 826 .
904 792 1016 839 Apud
1036 821 1040 826 .
1061 821 1065 826 .
1087 822 1090 826 .
1112 792 1298 828 ecclesiam
1320 793 1550 842 collegiatam
1570 795 1728 829 secundo
1748 795 1804 829 die

233 860 361 895 mensis
381 859 507 895 Martii
527 872 624 895 anno
644 860 795 895 Domini
818 863 920 899 1559.

231 1048 396 1101 Donum
429 1065 590 1100 Jacobus
622 1065 798 1101 Watsoun
834 1065 1018 1113 Georgius
1052 1066 1247 1102 Mersehell
1279 1067 1461 1102 Robertus
1495 1067 1608 1114 Craig
1642 1067 1803 1104 Thomas

232 1132 457 1180 Dalrumpill
478 1133 685 1175 VVillelmus
703 1133 841 1176 Quhite
859 1134 1044 1170 Robertus
1059 1134 1152 1170 Blak
1168 1135 1330 1171 Jacobus
1346 1135 1579 1183 Hoppringle
1596 1136 1802 1173 VVillelmus

233 1200 399 1237 Sinclare
425 1201 591 1237 Joannes
613 1201 801 1238 Gardinar
827 1202 1018 1238 Johannes
1039 1203 1178 1238 Bankis
1205 1203 1367 1240 Jacobus
1389 1203 1597 1240 Cranstoun
1623 1211 1657 1240 et
1678 1205 1801 1242 Dauid

233 1269 355 1305 Hume
383 1269 611 1317 hospitalarii
639 1276 675 1305 et
702 1270 870 1305 dominus
899 1271 1113 1306 Alexander
1142 1271 1385 1307 Hendersoun
1417 1271 1586 1318 magister
1618 1273 1802 1321 hospitalis

231 1350 312 1373 cum
333 1338 503 1374 consensu
526 1339 851 1385 prebendariorum
871 1346 907 1374 et
932 1339 1203 1386 capellanorum
1225 1340 1432 1375 concedunt
1451 1340 1671 1377 hereditarie
1691 1342 1802 1378 Alex-

232 1406 347 1441 andro
367 1405 501 1441 Litstar
527 1406 602 1441 filio
630 1416 666 1442 et
693 1407 820 1442 heredi
849 1407 1039 1454 apparenti
1058 1407 1214 1442 Joannis
1233 1407 1368 1442 Litstar
1395 1407 1433 1443 in
1455 1407 1673 1457 Quyltmyln
1695 1423 1800 1446 vnam

231 1480 400 1521 quartam
428 1480 570 1521 partem
604 1482 784 1510 terrarum
817 1482 852 1510 et
883 1475 1083 1510 molendini
1117 1476 1161 1510 de
1193 1474 1451 1523 Spittalmylne
1482 1476 1578 1512 infra
1610 1478 1801 1513 vicecomi-

231 1549 345 1579 tatum
365 1543 409 1579 de
429 1543 522 1578 Fiffe
542 1544 660 1579 eidem
690 1544 911 1579 hereditarie
938 1544 1181 1592 pertinentem
1211 1549 1246 1579 et
1273 1556 1338 1590 per
1357 1556 1439 1579 eum
1467 1545 1565 1591 apud
1584 1544 1798 1582 Edinburch

231 1612 447 1659 resignatam
464 1632 470 1638 ·
488 1611 693 1647 Reddendo
711 1612 899 1648 annuatim
916 1611 1087 1659 magistro
1107 1611 1293 1658 hospitalis
1313 1617 1469 1658 quatuor
1489 1612 1600 1648 libras
1619 1620 1654 1648 et
1673 1614 1797 1649 decem

230 1679 361 1714 solidos
380 1686 526 1714 monete
549 1679 670 1716 Scotie
690 1687 726 1716 et
744 1680 941 1727 prestando
968 1688 1041 1716 tres
1071 1679 1179 1715 festas
1199 1680 1244 1714 ad
1272 1679 1344 1715 tria
1361 1679 1496 1727 placita
1514 1681 1686 1727 capitalia
1702 1684 1799 1729 apud

232 1748 452 1796 Vtherogall
480 1749 668 1784 annuatim
697 1749 856 1784 tenenda
879 1747 1073 1783 -Testibus
1097 1748 1239 1783 Jacobo
1263 1748 1440 1795 Bischope
1464 1748 1610 1784 Joanne
1631 1749 1797 1786 Wilsoun

231 1817 417 1852 Willelmo
446 1817 615 1852 Rudman
649 1823 683 1852 et
711 1816 856 1852 Joanne
886 1816 1039 1863 Murray
1069 1828 1148 1850 cum
1178 1815 1284 1850 aliis·
1307 1816 1417 1862 Apud
1449 1816 1622 1863 hospitale
1655 1818 1701 1853 ‘26
1731 1818 1797 1853 Fe-

230 1886 367 1922 bruarii
390 1885 496 1920 1561.

228 2074 429 2127 Donamus
450 2089 632 2137 Georgius
653 2088 903 2135 Clappertoun
932 2087 1155 2123 subdecanus
1181 2088 1320 2134 capelle
1340 2088 1487 2135 reginee
1510 2088 1796 2134 Striuilingensis

229 2173 270 2194 ac
299 2159 499 2206 prepositus
527 2157 675 2193 ecclesie
704 2156 896 2204 collegiate
927 2155 1056 2191 sanae
1079 2155 1273 2191 Trinitatis
1300 2157 1531 2204 prebendarii
1560 2163 1595 2192 et
1616 2157 1794 2205 capellani

229 2228 435 2263 concedunt
470 2225 692 2262 hereditarie
727 2224 890 2260 Johanni
927 2223 1100 2260 Gardnar
1132 2224 1269 2259 lanioni
1303 2224 1470 2272 burgensi
1503 2226 1547 2260 de
1581 2225 1793 2261 Edinburch

227 2297 372 2331 domum
403 2295 475 2331 siue
504 2302 639 2331 terram
669 2294 847 2329 iacentem
875 2293 971 2328 infra
1000 2292 1225 2328 territorium
1253 2293 1346 2328 dicte
1375 2293 1524 2328 ecclesie
1554 2294 1650 2328 inter
1677 2300 1793 2329 terras

227 2365 411 2412 quondam
434 2363 624 2399 Michaelis
645 2361 804 2397 Tulloeh
832 2373 929 2396 nunc
957 2360 1182 2407 pertinentes
1201 2360 1341 2396 Jacobo
1361 2360 1492 2397 Forret
1519 2362 1687 2408 burgensi
1707 2363 1791 2398 dieti

226 2433 332 2480 burgi
352 2445 396 2467 ex
415 2431 554 2467 boreali
575 2437 610 2466 et
629 2431 752 2465 hortos
781 2442 822 2464 ac
851 2435 966 2464 terras
985 2429 1080 2464 diae
1104 2428 1252 2464 ecclesie
1281 2441 1323 2463 ex
1353 2429 1499 2465 australi
1520 2437 1554 2465 et
1574 2430 1791 2466 occidentali
