2147 2964
217 1761 282 1797 197

350 297 422 329 220
652 292 968 329 REGISTRUM
995 292 1246 329 ECCLESIE
1276 291 1618 329 COLLEGIATE

350 392 574 439 Ballyntyne
594 397 630 427 et
648 405 694 427 ne
716 392 838 440 vigeat
856 392 901 427 lis
921 397 956 427 et
975 404 1110 427 rancor
1128 393 1164 427 in
1185 392 1388 427 confratres
1408 397 1444 427 ct
1465 390 1535 439 [vt]
1557 390 1595 425 in
1613 390 1799 426 vinculum
1819 392 1919 438 pacis

350 461 541 495 redeamus
573 460 671 506 quod
703 460 754 496 est
786 460 919 495 caritas
953 460 1118 495 volumus
1150 465 1186 495 et
1218 460 1476 495 sentensiamus
1504 459 1692 494 dominum
1716 458 1919 494 Walterum

351 529 597 565 Haliburtone
625 529 746 564 future
775 528 874 564 suam
904 529 1132 576 compescere
1159 528 1323 576 linguam
1343 549 1349 556 ·
1371 534 1406 563 et
1425 527 1450 563 fi
1470 527 1659 575 contingat
1684 527 1782 573 quod
1801 526 1920 574 prohi-

349 599 433 633 beat
452 597 555 633 Deus
582 597 694 645 ipsum
715 597 904 632 dominum
924 597 1131 633 VValterum
1153 596 1330 632 iniuriare
1358 608 1577 643 quemquam
1596 595 1920 642 prebendariorum

348 665 494 714 publice
514 665 572 701 vel
591 665 734 701 occulte
754 665 778 700 si
797 666 834 701 id
860 666 1037 712 probetur
1063 665 1221 700 fideliter
1240 664 1314 700 sine
1334 665 1508 700 vlteriore
1536 664 1673 699 iudicio
1699 664 1830 699 reddat
1849 663 1920 699 col-

348 735 475 771 le&ori
502 734 626 769 nostro
646 748 666 769 v
686 734 748 769 lib.
770 734 901 770 vsualis
928 743 1074 769 monete
1104 732 1232 769 Scocie
1261 732 1333 768 sine
1360 745 1464 768 mora
1491 732 1759 768 conuertendas
1786 732 1822 766 in
1841 731 1920 779 pios

349 804 429 838 vsus
448 802 658 850 reipublice.

349 871 489 906 Eodem
507 871 566 906 die
584 870 757 905 statutum
777 869 829 904 est
848 869 886 904 in
906 869 1175 916 proscribendis
1202 869 1323 904 litibus
1343 875 1379 904 et
1397 867 1633 915 querimoniis
1653 880 1722 914 que
1743 868 1919 914 superwe-

348 940 455 974 niunt
474 939 509 973 in
525 938 640 974 hortis
660 937 792 972 nostris
812 937 1038 973 clandestine
1058 936 1184 972 camsis
1204 937 1302 983 quod
1320 949 1428 972 nemo
1443 936 1769 983 prebendariorum
1786 936 1919 971 dehinc

349 1014 485 1043 temere
508 1007 674 1042 cambeat
693 1006 794 1040 suum
814 1005 959 1040 hortum
981 1005 1041 1040 sed
1060 1005 1216 1040 durante
1235 1011 1400 1051 tempore
1420 1004 1480 1039 suo
1497 1004 1599 1039 vitali
1618 1002 1792 1050 poffideat
1812 1017 1919 1050 quem

349 1075 508 1123 captabit
535 1075 572 1109 in
600 1075 662 1109 sua
689 1073 880 1109 vocatione
907 1073 1081 1120 primaria
1099 1093 1106 1101 -
1126 1072 1205 1108 etsi
1232 1072 1312 1119 quis
1339 1084 1434 1107 noue
1463 1071 1620 1119 eligatur
1638 1072 1675 1106 in
1696 1072 1918 1118 prebendam

348 1144 510 1191 potiatur
528 1142 635 1177 horto
663 1141 770 1190 ipsius
798 1142 957 1177 defunffl
987 1140 1012 1175 si
1040 1154 1083 1176 ea
1108 1141 1253 1188 gavisus
1281 1139 1332 1175 est
1359 1140 1383 1174 fi
1408 1146 1529 1174 autem
1555 1152 1620 1186 per
1639 1139 1919 1187 resignationem

349 1212 505 1258 eligatur
523 1210 685 1257 potiatur
712 1210 819 1245 horto
847 1209 1063 1257 refignantis
1088 1230 1096 1237 ·
1123 1214 1158 1244 et
1186 1208 1255 1243 hoc
1283 1213 1360 1243 toto
1388 1213 1552 1253 tempore
1580 1207 1703 1242 futuro
1729 1208 1920 1243 obseruan-

348 1281 432 1315 dum
455 1300 462 1307 ·
481 1292 546 1327 per
564 1278 844 1325 subscriptiones
862 1277 1004 1312 nostras
1023 1275 1223 1312 manuales.

397 1348 599 1384 Gssormms
616 1346 901 1382 CLAPPERTOUN
917 1345 1119 1393 prepositus
1186 1342 1239 1378 M.
1261 1341 1424 1377 MARCUS
1445 1342 1580 1378 LAMBE

396 1416 581 1452 Donssuus
618 1414 861 1449 ALEXANDER
898 1413 1131 1449 HENmsouN
1186 1411 1370 1446 DOMINUS
1389 1410 1566 1446 JOANNES
1585 1410 1821 1446 BANNATYNE

446 1482 617 1531 magister
635 1482 823 1529 hospitalis
1187 1480 1372 1515 D0M1Nus
1389 1479 1562 1515 JACOBUS
1581 1479 1732 1514 Wycm

391 1554 575 1589 DomNus
594 1551 725 1587 DAum
748 1549 828 1586 SYM
1183 1547 1368 1583 DOMINUS
1390 1547 1595 1584 VILELMUS
1616 1547 1851 1583 YHOUNGAR.

348 1742 496 1795 Pmluo
521 1757 579 1792 die
603 1755 734 1792 mensis
758 1754 851 1790 Maii
878 1766 974 1789 anno
993 1752 1145 1788 Domini
1173 1752 1362 1788 millefimo
1391 1752 1678 1800 quingentesimo
1698 1753 1921 1800 quinquage-

350 1827 436 1862 simo
456 1832 584 1871 quarto
600 1846 607 1853 ·
625 1825 709 1866 Quo
729 1824 788 1858 die
807 1835 873 1858 nos
893 1822 1061 1857 dominus
1079 1821 1261 1869 Georgius
1278 1821 1531 1868 Clappertoun
1550 1821 1752 1868 prepositus
1772 1821 1922 1857 ecclesie

351 1895 543 1941 collegiate
576 1892 707 1929 sanae
739 1890 936 1927 Trinitatis
967 1902 1081 1937 prope
1109 1889 1365 1936 Edinburgum
1398 1902 1439 1924 ac
1472 1889 1704 1936 prebendarii
1734 1889 1921 1936 subscripti

352 1961 562 2010 congregati
592 1961 630 1996 in
662 1960 743 1995 loco
776 1958 968 2007 capitulari
997 1964 1037 1993 ut
1067 1957 1328 2004 extinguantur
1357 1957 1440 1992 lites
1467 1963 1503 1992 et
1526 1957 1604 1991 rixe
1632 1957 1858 1992 confratrum
1887 1964 1923 1992 et

352 2032 571 2066 roborentur
590 2029 725 2064 statuta
743 2028 920 2063 maiorum
947 2026 1150 2061 nostrorum
1178 2025 1217 2059 in
1236 2024 1490 2071 delinquentes
1509 2026 1630 2059 affore
1650 2024 1798 2059 domino
1819 2024 1923 2072 Wyl-

352 2100 461 2134 lelmo
481 2098 692 2144 Yhownger
711 2096 756 2131 de
776 2094 991 2142 quibusdam
1011 2094 1131 2129 verbis
1158 2093 1374 2128 iniuriarum
1398 2093 1637 2140 promulgatis
1654 2105 1719 2139 per
1738 2092 1922 2128 dominum

353 2167 561 2202 Johannem
580 2165 809 2212 Ballyntyng
836 2163 978 2198 afflone
1005 2167 1147 2197 mature
1174 2174 1239 2208 per
1258 2173 1324 2195 nos
1348 2160 1494 2207 prouisa
1518 2160 1724 2195 inuenimus
1742 2160 1921 2207 prefatum

355 2235 541 2270 dominum
559 2233 768 2269 Johannem
797 2230 1026 2278 Ballyntyng
1053 2242 1156 2265 reum
1184 2234 1219 2264 et
1246 2227 1409 2263 incidisse
1438 2228 1473 2262 in
1501 2240 1632 2274 penam
1655 2227 1772 2262 decim
1794 2227 1921 2262 solido-

356 2315 433 2337 rum
453 2308 488 2338 et
507 2302 815 2348 condempnamus
842 2299 997 2334 eundem
1026 2297 1214 2333 dominum
1232 2297 1257 2332 J
1260 2296 1442 2332 ohannem
1470 2297 1517 2331 ad
1542 2295 1821 2343 persoluendum
1841 2307 1921 2342 pre-

357 2370 488 2405 dictam
504 2370 677 2404 summam
697 2380 779 2404 cum
798 2367 916 2414 primo
930 2366 1110 2413 placuerit
1124 2365 1303 2414 preposito
1319 2371 1355 2400 et
1369 2364 1622 2412 prebendariis
1637 2375 1716 2398 eam
1732 2363 1921 2409 requirere

358 2443 393 2473 et
411 2437 446 2472 in
464 2437 541 2484 pios
561 2436 641 2471 vsus
668 2441 885 2471 conuertere
913 2440 949 2470 et
972 2434 1042 2470 hoc
1069 2439 1197 2470 tenore
1217 2433 1322 2469 vnius
1350 2431 1471 2467 statuti
1499 2431 1611 2467 nostri
1634 2431 1779 2479 collegii
1799 2436 1834 2467 et
1852 2431 1921 2468 hac
