2147 2964
751 279 941 317 DOMUS
968 280 1040 316 DE
1069 279 1284 317 SOLTRE.
1752 285 1798 316 45

229 378 349 415 Soltre
375 391 418 415 ac
444 379 617 415 fratribus
644 379 778 415 ibidem
805 379 1072 427 imperpetuum
1100 378 1410 415 commorantibus
1437 379 1475 414 in
1501 379 1666 415 omnibus
1685 380 1797 415 domi-

228 448 296 484 niis
314 448 446 484 nostris
465 461 508 484 ex
527 448 675 484 australi
702 453 807 496 parte
833 449 942 484 maris
967 447 1095 484 Scocie
1122 446 1270 494 singulis
1297 447 1402 482 annis
1421 447 1466 482 de
1485 448 1646 494 qualibet
1665 460 1799 484 caruca

229 529 336 552 vnam
355 522 497 552 trauam
515 516 615 551 bladi
632 516 828 552 secundum
857 517 954 563 quod
982 516 1207 563 temporibus
1234 515 1350 550 felicis
1369 516 1641 551 recordacionis
1660 516 1797 552 domini

228 584 403 620 Willelmi
421 584 480 619 aui
499 583 611 619 nostri
631 589 667 619 et
686 583 824 619 domini
844 583 1047 619 Alexandri
1068 583 1183 630 patris
1202 583 1315 618 nostri
1337 583 1504 618 cariffimi
1524 597 1651 631 regum
1671 585 1797 620 Scocie

226 652 419 688 illustrium
438 652 581 700 plenius
607 652 798 700 percipere
825 653 1095 687 consueuerunt
1121 652 1223 686 iuxta
1249 657 1415 686 tenorem
1435 658 1534 687 carte
1554 653 1640 688 dieti
1660 654 1797 689 domini

226 719 323 768 regis
343 719 519 755 Willelmi
548 732 657 767 quam
684 719 771 754 inde
794 719 929 755 habent
947 741 956 748 -
976 719 1103 762 Quare
1131 719 1300 754 omnibus
1318 719 1486 755 firmariis
1504 721 1635 756 nostris
1655 735 1697 757 ex
1717 735 1796 769 pre-

226 788 322 824 dieta
338 794 442 836 parte
460 787 571 823 maris
593 786 721 823 Scocie
740 787 892 822 firmiter
910 787 1131 835 precipimus
1159 787 1331 834 quatinus
1359 788 1404 823 (10
1432 788 1579 837 singulis
1600 791 1741 826 carneis
1759 792 1797 826 111

225 856 328 892 (116ὶί5
348 855 516 891 dominiis
534 855 667 890 nostris
686 855 820 890 eisdem
847 854 1023 891 fratribus
1042 855 1101 892 vel
1120 868 1246 891 eorum
1266 855 1376 891 certis
1400 857 1594 892 attornatis
1617 858 1796 894 latoribus

226 924 452 972 presencium
472 923 621 971 singulis
639 923 746 959 annis
771 923 967 959 efficaciter
990 924 1058 959 sint
1085 925 1347 971 respondentes
1368 948 1375 954 -
1395 924 1473 960 Vos
1501 926 1616 960 eciam
1637 926 1799 963 similiter

225 1004 397 1040 rogamus
423 992 614 1027 affe&uose
642 992 814 1040 quatinus
842 992 1006 1028 caritatis
1033 992 1169 1028 intuitu
1197 998 1233 1028 et
1259 992 1383 1028 nostra
1409 993 1593 1028 mediante
1616 994 1798 1041 peticione

225 1060 467 1108 vnusquisque
486 1060 645 1096 vestrum
665 1060 709 1096 de
729 1059 878 1108 singulis
898 1060 1040 1096 carucis
1060 1061 1130 1096 suis
1150 1061 1201 1096 eis
1220 1061 1331 1096 faciat
1350 1062 1565 1097 tantundem
1586 1068 1622 1098 et
1644 1065 1799 1099 nuncios

225 1131 304 1165 suos
322 1142 388 1178 pro
409 1129 561 1165 collecffta
586 1129 684 1164 illius
711 1129 809 1165 bladi
838 1129 932 1165 inter
950 1131 985 1166 se
1005 1130 1194 1166 venientes
1213 1130 1372 1176 benigne
1398 1130 1597 1178 suscipiatis
1617 1145 1682 1179 per
1702 1134 1799 1179 quod

225 1213 246 1235 a
264 1199 346 1234 Deo
365 1198 704 1234 remuneracionem
724 1204 760 1234 et
779 1211 801 1234 a
818 1198 922 1234 nobis
940 1204 1062 1247 grates
1087 1198 1218 1234 merito
1238 1198 1403 1246 recipere
1423 1199 1585 1236 debeatis
1605 1223 1612 1230 ·
1633 1201 1677 1237 In
1698 1202 1799 1237 cuius

225 1267 277 1303 rei
296 1267 541 1303 testimonium
560 1267 625 1302 has
651 1267 793 1302 nostras
820 1267 945 1302 literas
964 1267 1044 1303 fieri
1063 1267 1213 1302 fecimus
1232 1272 1400 1314 patentes
1419 1287 1426 1294 ·
1442 1269 1591 1304 testibus
1611 1270 1799 1306 Willelmo

227 1335 357 1371 comite
386 1335 430 1370 (le
458 1334 563 1370 Marr
590 1334 793 1370 camerario
821 1335 1008 1370 Willelmo
1037 1335 1081 1370 de
1109 1334 1238 1370 Monte
1265 1335 1354 1371 Alto
1375 1336 1562 1373 Willelmo
1591 1339 1636 1373 de
1666 1338 1798 1376 Santto

230 1404 342 1440 Claro
362 1401 535 1450 Fen-gusto
560 1403 725 1450 Cumync
753 1408 790 1438 et
815 1402 988 1439 Johanne
1016 1404 1061 1439 de
1080 1403 1339 1439 Lammertoun
1360 1424 1366 1430 ·
1386 1406 1483 1452 apud
1504 1405 1671 1442 Castrum
1692 1408 1798 1444 Puel-

227 1474 346 1508 larum
367 1471 457 1507 xiiii⁰
476 1471 535 1506 die
552 1470 743 1506 Februarii
764 1484 860 1506 anno
879 1471 984 1520 regni
1003 1471 1117 1507 nostri
1136 1472 1222 1507 111111ο
1242 1494 1248 1500 -
1265 1473 1478 1509 Alexander
1498 1474 1570 1510 Dei
1589 1476 1716 1522 gracia
1733 1490 1796 1512 rex

226 1540 436 1577 Scottorum
464 1539 631 1575 omnibus
658 1539 779 1587 probis
805 1539 1012 1575 hominibus
1039 1540 1109 1575 suis
1136 1541 1183 1575 ad
1211 1553 1301 1588 quos
1325 1541 1510 1588 presentes
1537 1543 1643 1580 litere
1669 1558 1796 1593 perne--

227 1610 350 1645 nerint
368 1609 518 1644 salutem
538 1630 546 1637 -
568 1607 699 1644 Sciatis
719 1608 815 1655 quod
834 1608 1054 1656 inspeximus
1079 1614 1216 1644 cartam
1245 1609 1369 1644 inclite
1396 1612 1667 1648 recordacionis
1688 1614 1796 1649 Alex-

227 1678 332 1714 andri
352 1677 448 1725 regis
470 1676 677 1713 Scottorum
704 1676 818 1724 patris
844 1677 959 1712 nostri
984 1689 1050 1725 per
1069 1690 1177 1724 quam
1202 1678 1273 1725 ipsc
1294 1679 1395 1714 dedit
1414 1685 1450 1715 et
1470 1680 1639 1717 conceffit
1659 1682 1741 1717 Deo
1761 1691 1796 1719 et

227 1745 374 1783 ecclesie
396 1745 528 1782 San&e
549 1745 744 1781 Trinitatis
763 1746 808 1781 de
838 1745 958 1782 Soltre
986 1752 1022 1782 et
1049 1747 1222 1783 fratribus
1250 1748 1285 1783 in
1314 1749 1440 1784 eadem
1469 1750 1620 1787 ccclesia
1639 1753 1795 1788 seruien-

227 1815 321 1852 tibus
336 1820 372 1850 et
390 1814 654 1861 imperpetuum
673 1813 862 1849 seruituris
878 1827 984 1850 vnam
1000 1815 1187 1850 dimidiam
1207 1816 1330 1852 celdre
1345 1817 1461 1853 farine
1481 1831 1596 1855 auene
1616 1820 1651 1855 in
1667 1834 1794 1868 puram

227 1890 262 1919 et
279 1888 493 1931 perpetuam
517 1881 741 1917 elimosinam
760 1882 947 1918 annuatim
974 1882 1245 1931 percipiendam
1274 1885 1319 1919 ad
1347 1884 1486 1921 Pascha
1512 1887 1557 1922 dc
1583 1889 1794 1924 molendino

226 1952 349 1987 nostro
368 1951 413 1986 de
430 1950 551 1986 Peblis
570 1962 640 1997 que
659 1949 813 1985 farinam
832 1950 988 1985 reddere
1006 1951 1142 1986 solebat
1159 1972 1166 1979 ·
1185 1952 1255 1987 iam
1276 1953 1384 1988 datur
1402 1954 1449 1989 ad
1466 1954 1606 1991 firmam
1627 1957 1663 1992 in
1683 1958 1793 1994 dena-

226 2019 290 2055 riis
309 2040 316 2047 ·
336 2018 517 2054 Volumus
545 2023 581 2053 et
608 2017 840 2053 concedimus
867 2017 999 2053 eisdem
1026 2018 1199 2054 fratribus
1219 2025 1256 2055 vt
1282 2020 1348 2067 ipsi
1371 2027 1406 2056 et
1433 2034 1559 2058 eorum
1578 2024 1792 2062 successores

228 2088 492 2136 imperpetuum
512 2086 643 2121 diaam
662 2085 847 2120 dimidiam
876 2086 998 2121 celdre
1018 2086 1136 2122 farine
1162 2100 1278 2123 auene
1305 2088 1350 2123 de
1378 2097 1501 2126 cetero
1520 2091 1668 2139 singulis
1688 2095 1791 2130 annis

226 2155 431 2203 percipiant
449 2154 496 2190 ad
514 2153 654 2189 Pascha
677 2154 721 2189 de
748 2153 958 2189 molendino
984 2156 1107 2191 nostro
1134 2156 1179 2192 de
1200 2157 1413 2204 Treequare
1439 2172 1505 2206 per
1523 2174 1668 2197 manum
1694 2164 1791 2200 illius

227 2223 288 2271 qui
313 2235 380 2271 pro
407 2228 572 2269 tempore
598 2222 708 2257 fuerit
733 2222 915 2257 firmarius
934 2222 1018 2258 dieti
1045 2223 1243 2259 molendini
1269 2226 1313 2261 de
1334 2226 1547 2274 Trecquare
1566 2231 1658 2266 adeo
1676 2231 1790 2268 libere

228 2298 264 2328 et
281 2290 404 2339 quiete
423 2290 512 2326 ficut
531 2290 627 2326 diaa
653 2295 754 2326 carta
779 2290 892 2338 patris
918 2291 1031 2326 nostri
1051 2292 1102 2327 eis
1121 2292 1207 2328 inde
1226 2294 1390 2330 confe&a
1407 2295 1445 2330 in
1464 2296 1561 2332 (11ἃο
1579 2299 1790 2336 molendino

228 2359 273 2395 de
291 2359 414 2395 Peblis
430 2358 574 2406 plenius
597 2359 687 2394 iuste
707 2359 859 2395 testatur
877 2380 885 2388 ·
905 2358 948 2394 In
969 2359 1071 2395 cuius
1090 2360 1143 2395 rei
1162 2361 1406 2399 testimonium
1427 2364 1491 2400 has
1509 2365 1632 2402 literas
1650 2369 1790 2405 nostras

230 2426 307 2462 fieri
333 2426 484 2463 fecimus
513 2432 680 2475 patentes
708 2448 715 2456 ·
743 2427 892 2462 testibus
921 2427 1076 2464 Gamelo
1104 2428 1272 2477 episcopo
1302 2430 1563 2469 Sanffiandree
1591 2434 1789 2473 Malcolmo
