2147 2964
227 1431 286 1464 40,

337 304 383 335 34
800 300 1119 337 REGISTRUM
1147 301 1449 339 CARTARUM

339 406 374 435 et
392 400 660 447 imperpetuum
689 399 877 435 seruituris
905 400 1091 436 ecclesiam
1121 401 1166 436 de
1187 400 1290 437 Orde
1318 415 1388 449 que
1408 402 1459 437 est
1477 402 1516 438 in
1534 402 1659 438 nostra
1677 402 1809 439 diocesi
1830 416 1911 439 cum

339 469 446 504 terris
478 467 747 516 possessionibus
778 473 814 503 et
846 468 1014 503 omnibus
1046 468 1126 504 aliis
1156 471 1201 505 ad
1234 471 1364 506 dietam
1397 470 1586 507 ecclesiam
1618 472 1914 519 pertinentibus·

339 550 447 584 quam
477 537 625 584 quidem
657 535 844 572 ecclesiam
875 549 957 572 cum
988 537 1224 585 pertinenciis
1254 539 1324 574 suis
1354 539 1519 575 volumus
1551 546 1587 575 et
1617 540 1850 576 concedimus
1880 548 1916 576 vt

338 606 493 654 p1·edi8ti
520 605 691 652 magister
718 612 754 641 et
780 605 912 641 fratres
940 619 984 641 ex
1012 607 1137 642 nostra
1161 607 1388 643 conceffione
1407 614 1444 643 et
1463 608 1747 644 confirmacione
1767 616 1917 645 teneant

340 682 376 710 et
394 674 596 723 poffideant
614 674 880 722 imperpetuum
900 674 937 709 in
957 674 1037 709 vsus
1055 675 1224 722 proprios
1242 676 1322 711 iure
1342 676 1534 724 episcopali
1553 676 1588 711 in
1607 678 1774 712 omnibus
1794 677 1893 712 saluo
1909 699 1915 705 ·

340 745 384 778 In
417 743 520 778 euius
551 743 604 778 rei
640 743 884 778 testimonium
916 743 1071 790 sigillum
1105 743 1267 779 nostrum
1302 745 1438 792 apponi
1475 744 1627 780 fecimus
1662 745 1748 780 huic
1783 745 1918 793 scripto

340 812 490 848 testibus
508 811 682 859 magistro
702 811 885 847 Nicholao
913 812 1173 847 archidiacono
1194 811 1388 848 Tevidalie
1414 813 1563 848 domino
1583 813 1747 849 Roberto
1775 814 1916 849 thesau-

342 881 434 916 sario
456 880 670 927 Glasguenfi
690 880 846 915 dominis
864 880 1036 916 ‚Iohanne
1056 886 1092 915 et
1111 881 1271 916 Ricardo
1300 881 1497 929 capellanis
1522 883 1654 917 nostris
1674 882 1847 918 Johanne
1873 883 1917 917 de

341 950 478 985 Anand
508 956 544 985 et
573 949 760 984 Willelmo
793 949 838 984 de
872 948 1069 985 Svinefurd
1101 949 1242 985 clericis
1278 950 1411 985 nostris
1444 956 1479 985 et
1511 950 1590 985 aliis
1618 970 1624 977 ·
1649 950 1787 986 Datum
1821 950 1917 997 apud

342 1018 563 1066 Allyncrum
582 1018 619 1052 in
640 1017 796 1053 crastino
818 1017 1077 1054 Conuersionis
1097 1017 1219 1053 Sanffl
1237 1018 1344 1054 Pauli
1372 1031 1469 1053 anno
1496 1018 1769 1054 incarnacionis
1788 1018 1916 1053 Domi-

342 1087 424 1123 nice
444 1091 493 1122 m⁰
511 1091 566 1124 cc⁰
585 1086 884 1134 quinquagesimo
904 1086 1044 1134 quinto.

344 1236 458 1273 Carta
485 1235 779 1272 confirmacionis
808 1235 958 1270 ecclesie
986 1235 1030 1270 de
1052 1234 1202 1282 Wemys
1229 1247 1295 1282 per
1321 1234 1516 1270 Gamelum
1544 1235 1749 1283 episcopum
1780 1234 1918 1271 Sanai-

341 1307 490 1342 andree.

346 1410 543 1466 Omnibus
564 1427 702 1463 Christi
723 1426 892 1462 fidelibus
919 1425 1100 1461 audituris
1126 1425 1191 1460 has
1218 1425 1344 1461 literas
1372 1425 1431 1461 vel
1459 1425 1586 1462 visuris
1616 1425 1792 1462 Gamelus
1819 1426 1918 1461 mise-

343 1497 492 1532 racione
521 1496 649 1531 diuina
674 1495 824 1531 ecclesie
851 1494 1115 1531 Sanffiandree
1142 1493 1290 1528 humilis
1317 1493 1481 1529 minister
1506 1493 1656 1529 salutem
1685 1500 1850 1530 eternam
1880 1494 1916 1529 in

343 1565 505 1601 Domino
525 1587 532 1594 -
553 1564 714 1600 Nouerit
742 1563 956 1599 vniuersitas
984 1562 1104 1598 vestra
1130 1575 1197 1597 nos
1225 1562 1350 1598 diuine
1377 1562 1525 1610 pietatis
1553 1563 1689 1598 intuitu
1714 1563 1918 1598 concessisse

344 1641 380 1670 et
406 1634 531 1670 nostra
558 1633 751 1682 episcopali
779 1633 978 1668 autoritate
1006 1631 1230 1667 confirmasse
1259 1631 1431 1678 magistro
1459 1637 1495 1666 et
1522 1631 1697 1667 fratribus
1724 1631 1769 1666 de
1799 1630 1918 1667 Soltre

343 1703 425 1739 Deo
452 1703 586 1742 ibidem
615 1702 859 1737 seruientibus
886 1708 922 1737 et
948 1701 1219 1747 imperpetuum
1247 1699 1433 1736 seruituris
1460 1699 1499 1734 in
1519 1700 1599 1734 vsus
1621 1699 1784 1747 proprios
1804 1699 1918 1734 eccle-

343 1773 428 1807 siam
449 1772 493 1807 de
511 1771 665 1819 Wemys
683 1783 790 1818 quam
810 1770 957 1818 quidem
974 1768 1143 1804 dominus
1161 1768 1352 1804 Johannes
1372 1769 1417 1803 de
1437 1767 1591 1816 Wemys
1610 1767 1704 1803 filius
1724 1767 1918 1803 Michaelis

344 1840 388 1875 de
407 1840 561 1888 Wemys
580 1847 755 1886 tanquam
776 1851 885 1876 verus
903 1843 1080 1885 patronus
1105 1836 1263 1872 eiusdem
1282 1836 1432 1871 ecclesie
1453 1836 1504 1871 eis
1523 1835 1623 1871 dedit
1642 1841 1678 1870 et
1696 1838 1803 1882 'quam
1822 1835 1917 1871 bone

343 1909 517 1944 memorie
537 1908 663 1944 Dauid
690 1907 878 1955 episcopus
905 1905 1167 1941 Sanaiandree
1195 1905 1247 1940 eis
1273 1904 1397 1952 postea
1424 1903 1678 1940 confirmauit·
1701 1886 1917 1939 Tenendam

344 1982 379 2012 et
396 1976 602 2012 habendam
623 1976 756 2012 eisdem
782 1988 862 2011 cum
892 1974 1059 2010 omnibus
1084 1972 1322 2021 pertinenciis
1347 1972 1417 2007 suis
1437 1977 1472 2007 et
1490 1971 1720 2007 libertatibus
1739 1971 1918 2018 imperpe-

345 2052 446 2081 tuum
471 2046 524 2081 ita
547 2045 662 2080 libere
690 2044 812 2090 quiete
840 2043 1005 2091 plenarie
1033 2048 1068 2078 et
1094 2041 1296 2076 honorifice
1315 2040 1405 2076 sicut
1428 2039 1541 2086 aliqui
1560 2038 1716 2085 religiosi
1736 2039 1774 2073 in
1794 2039 1918 2074 nostra

346 2114 478 2149 diocesi
497 2113 667 2149 ecclesias
685 2113 765 2149 suas
792 2112 829 2148 in
850 2112 930 2148 Vsus
957 2110 1127 2160 proprios
1151 2109 1301 2144 liberius
1321 2109 1483 2156 quiecius
1510 2108 1698 2156 plenarius
1717 2113 1752 2142 et
1770 2107 1917 2142 honori-

343 2183 518 2218 ficencius
538 2189 664 2218 tenent
683 2188 719 2218 et
737 2181 917 2229 poffident
944 2180 1084 2215 iuribus
1111 2178 1243 2213 nostris
1271 2177 1531 2225 episcopalibus
1558 2176 1663 2211 nobis
1691 2181 1727 2211 et
1746 2175 1916 2211 successo-

346 2252 445 2287 ribus
463 2251 594 2286 nostris
612 2251 649 2286 in
670 2251 836 2286 omnibus
862 2256 984 2285 tamen
1012 2248 1118 2283 saluis
1138 2268 1145 2275 ·
1165 2253 1201 2283 et
1219 2247 1318 2282 salua
1336 2245 1474 2282 vicario
1494 2245 1556 2291 qui
1584 2244 1620 2279 in
1647 2245 1742 2279 dieta
1765 2243 1915 2279 ecclesia

346 2325 522 2366 perpetuo
539 2319 759 2354 ministrabit
786 2318 938 2353 honesta
964 2316 1228 2352 sustentacione
1255 2315 1301 2351 de
1329 2314 1432 2349 bonis
1460 2313 1618 2348 eiusdem
1640 2311 1789 2348 ecclesie
1809 2325 1915 2359 quem

348 2387 494 2434 quidem
520 2387 698 2423 vicarium
726 2387 814 2422 dicti
842 2386 1014 2433 magister
1042 2390 1078 2421 et
1104 2385 1236 2420 fratres
1262 2382 1367 2418 nobis
1394 2388 1429 2417 et
1448 2379 1703 2416 suecessoribus
1721 2379 1852 2416 nostris
1871 2381 1917 2416 ad

349 2468 473 2491 curam
500 2455 610 2502 ipsius
641 2454 790 2491 ecclesie
820 2454 996 2502 quociens
1028 2466 1117 2500 opus
1148 2451 1259 2488 fuerit
1291 2450 1551 2498 presentabant
1582 2454 1618 2485 et
1649 2449 1709 2496 qui
1740 2448 1844 2484 nobis
1872 2450 1916 2484 dc
