2147 2964
768 299 838 336 DE
867 298 1248 336 CORSTORPHIN
1252 300 1294 336 E.
1738 308 1810 346 295

238 397 324 445 fyne
343 410 426 434 cum
445 398 593 445 pastura
612 399 723 434 trium
743 411 919 446 equorum
939 399 1084 434 suorum
1104 405 1139 433 et
1158 399 1269 434 trium
1287 412 1479 435 vaccarum
1501 413 1581 436 cum
1599 401 1669 437 suis
1686 404 1809 451 sequa-

237 465 339 501 cibus
357 466 461 502 vnius
480 466 566 502 anni
584 467 685 503 dedit
702 473 738 502 et
754 466 945 515 affignauit
964 466 1198 513 quasquidem
1217 467 1458 503 donacionem
1476 475 1512 505 et
1528 469 1809 517 affignacionem

237 534 481 581 approbamus
513 535 735 570 ratificamus
766 541 802 571 et
834 536 1097 582 imperpetuum
1135 535 1391 570 confirmamus
1419 556 1425 563 ·
1450 536 1630 573 Volumus
1664 539 1808 588 insuper

236 602 334 649 quod
354 603 377 637 fi
397 602 529 650 aliquis
553 616 596 638 ex
616 603 720 638 diffis
748 603 946 650 capellanis
973 608 1162 650 promotus
1194 603 1304 639 fuerit
1331 606 1376 639 ad
1403 605 1647 653 quodcunque
1675 608 1808 644 benefi-

235 671 329 706 cium
363 677 531 706 curatum
562 684 605 707 eo
637 671 712 719 ipso
744 671 948 718 capellania
977 671 1040 706 sua
1074 671 1219 717 penitus
1253 671 1293 707 fit
1324 672 1488 720 priuatus
1520 675 1690 722 quodque
1722 677 1806 713 dieti

235 738 415 786 capellani
443 739 503 774 uel
531 751 657 774 eorum
688 739 818 786 aliquis
847 739 956 774 alicui
989 738 1137 774 ecclesie
1168 739 1370 785 parochiali
1401 753 1475 775 non
1505 742 1712 779 deseruiant
1739 757 1807 780 nec

235 806 416 841 deseruiat
436 811 472 841 et
491 807 589 853 quod
617 806 714 841 omni
735 807 793 841 die
813 806 940 841 diuina
967 805 1154 841 celebrent
1182 819 1263 841 cum
1288 806 1448 853 dispositi
1475 808 1612 845 fuerint
1631 816 1667 845 et
1686 811 1808 848 dicant

234 874 368 910 cotidie
392 875 540 910 Placebo
567 881 602 910 et
627 875 765 922 Dirige
792 887 875 910 cum
903 873 1227 909 commendacione
1255 874 1459 910 animarum
1492 878 1653 924 exceptis
1681 879 1807 915 diebus

232 941 474 990 priuilegiatis
501 955 568 990 pro
596 943 786 977 animabus
813 941 975 976 omnium
1003 941 1249 988 predictorum
1270 962 1276 968 -
1296 941 1339 976 In
1361 943 1463 978 cuius
1485 944 1538 979 rei
1562 945 1805 984 testimonium

231 1010 388 1057 presenti
414 1016 514 1046 carte
533 1010 656 1046 nostre
674 1023 848 1058 magnum
876 1009 1031 1057 sigillum
1058 1009 1220 1044 nostrum
1251 1010 1381 1058 apponi
1410 1012 1639 1059 precepimus
1659 1014 1806 1050 testibus

232 1078 431 1114 venerabili
451 1080 528 1115 viro
547 1079 721 1127 magistro
739 1078 912 1114 Johanne
934 1077 1142 1113 Cameroun
1170 1078 1353 1125 preposito
1380 1079 1530 1114 ecclesie
1550 1081 1742 1129 collegiate
1762 1083 1806 1119 de

231 1146 492 1183 Linclowdane
522 1148 670 1183 custode
699 1147 835 1195 priuati
867 1146 971 1194 sigilli
999 1145 1113 1181 nostri
1144 1146 1311 1181 lValtero
1338 1147 1383 1182 de
1415 1147 1553 1196 Ogilvy
1583 1149 1807 1187 thesaurario

231 1214 393 1251 Roberto
413 1215 458 1251 de
479 1215 650 1251 Lauadre
677 1215 877 1251 iusticiario
905 1214 1011 1262 regni
1038 1213 1152 1249 nostri
1178 1215 1354 1250 militibus
1376 1221 1412 1251 et
1432 1216 1604 1263 magistro
1624 1217 1807 1255 Edwardo

228 1283 273 1318 de
299 1283 469 1319 Lauadre
496 1284 758 1320 archidiacono
786 1282 977 1318 Laudonie
1013 1283 1109 1329 apud
1143 1282 1361 1330 Edinburgh
1391 1283 1560 1320 vicefimo
1590 1286 1719 1332 quinto
1749 1288 1807 1324 die

227 1351 359 1387 mensis
383 1351 574 1388 Februarii
603 1364 699 1387 anno
725 1351 850 1400 gracie
878 1350 1066 1385 millesimo
1095 1350 1455 1398 quadringentesimo
1483 1352 1652 1389 vieefimo
1680 1355 1806 1402 quinto

230 1426 266 1456 et
285 1420 391 1468 regni
411 1420 526 1456 nostri
546 1420 726 1457 vicesimo.

232 1624 496 1673 [confirmacio
516 1630 617 1661 carte
637 1622 826 1673 Margrete
845 1623 995 1660 Forstar
1014 1630 1049 1660 et
1067 1624 1093 1661 J
1096 1624 1251 1660 ohannis
1270 1624 1420 1661 Forstar
1441 1626 1592 1674 militis]

228 1743 413 1798 JAcossus
434 1759 505 1796 Dei
531 1760 658 1808 gracia
686 1773 749 1795 rex
772 1759 967 1796 Scotorum
996 1760 1163 1796 omnibus
1190 1760 1315 1808 probis
1338 1761 1546 1797 hominibus
1571 1763 1688 1798 tocius
1707 1774 1805 1800 terre

230 1827 291 1864 sue
320 1828 464 1864 clericis
493 1834 529 1864 et
556 1828 659 1864 laicis
689 1830 839 1864 salutem
859 1849 866 1856 ·
888 1827 1019 1864 Sciatis
1049 1840 1114 1863 nos
1143 1829 1326 1875 quandam
1357 1835 1494 1865 cartam
1526 1831 1740 1867 dilectorum
1770 1839 1805 1868 et

231 1897 390 1933 fidelium
427 1897 633 1932 nostrorum
671 1896 860 1944 Margretc
896 1896 1046 1932 Forstar
1081 1897 1206 1933 relicte
1238 1899 1423 1945 quondam
1455 1899 1539 1934 Ade
1576 1899 1724 1936 Forstar
1760 1902 1804 1937 de

233 1964 472 2012 Corstorfyne
499 1964 625 2000 militis
648 1964 699 2013 [et
718 1965 901 2000 Johannis
923 1964 1072 2000 Forstar
1100 1965 1145 2000 de
1175 1965 1412 2013 Corstorfyne
1441 1967 1582 2016 militis]
1612 1968 1740 2003 fa&am
1769 1976 1805 2005 et

233 2032 434 2068 concessam
454 2033 536 2069 Deo
563 2032 818 2081 Omnipotenti
847 2033 961 2069 Beate
988 2032 1109 2068 Marie
1135 2033 1276 2080 semper
1303 2033 1438 2081 uirgini
1466 2035 1574 2070 matri
1601 2037 1661 2071 sue
1690 2036 1805 2073 Beato

233 2101 396 2137 Johanni
434 2102 590 2149 baptiste
626 2108 662 2138 et
702 2102 868 2137 omnibus
904 2101 1032 2137 sanetis
1074 2101 1120 2135 ad
1156 2100 1458 2137 sustentacionem
1494 2103 1648 2140 duorum
1686 2106 1804 2152 capel-

233 2169 400 2204 lanorum
426 2169 553 2204 diuina
584 2169 854 2205 celebrancium
886 2176 922 2206 et
955 2170 1223 2217 imperpetuum
1256 2168 1568 2206 celebraturorum
1596 2172 1634 2207 in
1664 2173 1806 2220 capella

235 2237 340 2273 Beati
375 2237 558 2272 Johannis
597 2237 750 2285 baptiste
789 2237 963 2285 contigua
1005 2235 1154 2272 ecclesle
1187 2236 1388 2283 parochiali
1419 2238 1464 2273 de
1498 2238 1737 2288 Corstorfyne
1769 2249 1804 2278 et

233 2305 387 2341 duorum
433 2305 648 2340 clericorum
686 2304 774 2340 inibi
814 2305 1145 2340 ministraturorum
1184 2316 1251 2350 pro
1295 2304 1407 2346 salute
1452 2286 1572 2342 anime
1611 2308 1732 2344 nostre
1767 2318 1802 2345 et

233 2372 405 2409 Johanne
436 2373 563 2419 regine
596 2372 770 2408 consortis
801 2373 922 2408 nostre
957 2373 1159 2408 animarum
1196 2371 1458 2409 antecess'orum
1494 2380 1530 2409 et
1564 2375 1802 2412 successorum

234 2441 440 2476 nostrorum
476 2453 518 2476 ac
553 2453 620 2488 pro
656 2439 767 2476 salute
807 2440 926 2476 anime
962 2441 1047 2476 dieti
1083 2440 1267 2486 quondam
1304 2440 1385 2477 Ade
1421 2442 1624 2478 animarum
1660 2444 1802 2480 suarum
