2147 2964
495 282 708 320 SANCTE
736 284 1054 323 TRINITATIS
1080 286 1152 323 DE
1179 287 1514 327 EDINBURGH.
1713 295 1785 328 ‘205

213 379 431 417 ordinarunt
450 394 532 418 cum
560 384 714 420 emenda
741 385 927 433 condigna
953 386 1049 422 dieto
1076 387 1257 435 preposito
1284 388 1322 423 in
1341 389 1529 435 presencia
1548 388 1697 437 capituli
1716 403 1782 437 per

210 447 325 496 ipsum
356 449 544 486 dominum
570 450 752 488 Jacobum
784 455 829 489 ad
861 453 1088 490 voluntatem
1121 455 1279 491 eiusdem
1312 456 1484 503 prepositi
1516 456 1686 493 facienda
1703 477 1711 485 ·
1730 457 1778 493 Et

209 517 330 563 quoad
344 518 505 554 futurum
521 524 558 554 vt
577 519 686 555 timor
704 533 796 568 pene
812 520 854 557 sit
872 527 970 557 meta
984 522 1107 558 delicti
1122 523 1293 558 antediffi
1309 523 1510 571 prepositus
1525 529 1561 559 et
1576 525 1774 572 capitulum

208 598 275 632 pro
295 585 329 621 se
349 591 384 622 et
403 586 661 623 successoribus
688 588 757 623 suis
776 589 869 624 dicte
893 589 1084 637 collegiate
1106 589 1255 625 ecclesie
1274 591 1455 637 preposito
1475 597 1510 626 et
1529 592 1689 639 capitulo
1708 605 1773 640 pro

209 659 374 700 tempore
401 654 633 691 existentibus
667 656 870 692 statuerunt
896 662 932 692 et
957 657 1112 693 firmiter
1139 658 1323 693 obseruari
1352 658 1595 694 decreuerunt
1624 661 1721 706 quod
1751 661 1773 695 si

209 721 324 757 distus
351 721 520 757 dominus
544 722 707 758 Jacobus
733 725 894 771 prefatos
921 725 1141 773 prepositum
1167 732 1230 761 aut
1255 726 1455 772 capitulum
1482 726 1686 773 ipsorumve
1713 728 1774 762 ali-

207 801 315 836 quem
330 788 391 825 seu
405 789 619 826 seruitorem
636 796 698 826 aut
713 791 908 827 seruitores
923 793 1101 828 dictorum
1117 793 1285 840 prepofiti
1300 799 1362 829 aut
1377 794 1601 830 confratrum
1617 795 1771 831 eiusdem

206 856 355 906 capituli
374 858 435 893 seu
454 857 544 893 alios
561 858 655 894 dicte
684 858 878 907 collegiate
906 859 1055 896 ecclesie
1075 861 1283 908 capellanos
1303 861 1485 897 ministros
1504 868 1566 898 aut
1584 862 1776 898 seruitores

204 927 438 974 quoscunque
455 926 584 974 quouis
600 926 737 974 quesito
753 927 876 963 colore
890 928 947 963 vel
966 928 1115 976 ingenio
1135 929 1242 977 culpa
1262 929 1323 964 sua
1343 930 1462 965 verbis
1481 936 1542 966 aut
1562 931 1664 966 fastis
1683 932 1776 967 iniu-

203 995 355 1032 riauerit
380 995 456 1043 ipsa
474 995 610 1031 iniuria
629 1008 753 1031 coram
772 996 954 1044 preposito
974 1002 1037 1032 aut
1055 997 1260 1044 presidente
1283 997 1320 1033 in
1341 998 1418 1033 eius
1438 999 1605 1034 absencia
1624 1006 1659 1036 ct
1679 1001 1774 1048 capi-

203 1064 279 1100 tulo
294 1065 466 1112 predi-Stis
484 1065 633 1113 cognita
651 1070 786 1101 extunc
806 1071 915 1112 prout
936 1078 1081 1101 exnunc
1100 1072 1135 1101 et
1155 1078 1174 1100 e
1195 1066 1369 1102 conuerso
1388 1067 1568 1115 prefatum
1589 1068 1773 1104 dominum

201 1133 384 1169 Jacobum
412 1133 449 1169 in
477 1134 603 1170 decem
631 1133 735 1169 libris
763 1134 857 1169 diet-e
884 1140 1030 1170 monete
1058 1134 1196 1170 fabrice
1224 1134 1373 1170 ecclesie
1402 1135 1594 1183 collegiate
1616 1137 1775 1184 predicte

203 1202 430 1251 applicandis
450 1208 485 1238 et
512 1215 578 1250 per
597 1202 712 1249 ipsum
743 1202 862 1238 eidem
890 1203 1028 1239 fabrice
1055 1202 1199 1251 integre
1227 1203 1406 1239 soluendis
1434 1204 1774 1251 condempnandum

205 1271 283 1305 fore
312 1276 348 1306 et
383 1271 692 1318 condempnatum
721 1270 789 1306 esse
814 1271 1018 1306 decernunt
1043 1292 1050 1299 ·
1076 1270 1124 1306 Et
1153 1271 1304 1306 vlterius
1333 1271 1518 1307 crescente
1546 1274 1775 1309 contumacia

204 1339 367 1374 crescere
387 1344 556 1374 teneatur
575 1344 612 1374 et
630 1351 725 1386 pena
751 1338 789 1374 in
818 1338 999 1386 posterum
1019 1339 1175 1374 eundem
1195 1339 1380 1374 dominum
1399 1339 1580 1375 Jacobum
1600 1342 1775 1376 causanti-

205 1408 270 1443 bus
296 1407 468 1455 predifitis
495 1407 564 1443 suis
590 1406 853 1455 multiplicibus
880 1407 1065 1443 demeritis
1093 1407 1138 1442 ad
1165 1407 1324 1443 futuram
1352 1407 1405 1443 rei
1433 1408 1644 1443 memoriam
1669 1422 1711 1444 ac
1736 1410 1773 1444 in

205 1476 360 1512 aliorum
389 1476 615 1512 confratrum
636 1476 734 1523 quod
761 1475 850 1511 absit
876 1475 964 1511 talia
991 1475 1286 1523 perpetrancium
1315 1475 1537 1510 cotidianum
1567 1477 1771 1524 exemplum

205 1550 379 1591 tanquam
406 1544 580 1579 viciosum
604 1544 702 1579 inter
728 1545 931 1579 confratres
960 1549 996 1579 et
1023 1543 1320 1579 contumeliosum
1348 1542 1513 1578 inutilem
1542 1549 1578 1579 et
1604 1545 1649 1578 ad
1674 1544 1770 1579 suam

204 1613 428 1662 prebendam
447 1613 607 1648 habitam
629 1618 664 1648 et
683 1624 938 1660 quamcunque
957 1611 1063 1647 aliam
1083 1611 1120 1646 in
1141 1610 1237 1647 dieta
1256 1611 1449 1658 collegiata
1469 1610 1619 1646 ecclesia
1636 1611 1771 1647 haben-

205 1682 289 1717 dam
304 1681 503 1717 inhabilem
519 1694 562 1717 ac
577 1681 622 1717 de
642 1680 829 1717 consorcio
848 1679 1018 1728 prepositi
1036 1678 1186 1726 capituli
1206 1685 1241 1714 et
1260 1678 1405 1726 collegii
1424 1691 1488 1725 pro
1504 1685 1667 1727 tempore
1682 1680 1770 1715 exis-

205 1750 368 1786 tencium
382 1749 619 1785 resecandum
635 1755 672 1784 et
686 1749 891 1785 eiciendum
906 1761 948 1784 ac
962 1747 1073 1783 alium
1091 1747 1275 1795 ydoneum
1294 1747 1375 1782 loco
1391 1747 1452 1782 suo
1471 1747 1768 1783 reuerendiffimo

208 1817 470 1855 Sanffiandree
489 1816 792 1866 [archiepiscopo]
807 1829 870 1865 per
885 1816 1028 1852 eosdem
1043 1815 1238 1851 seeundum
1257 1814 1396 1862 prefate
1412 1815 1603 1863 collegiate
1619 1815 1768 1852 ecclesie

205 1886 445 1922 fundaciones
464 1892 500 1922 et
519 1884 733 1921 statutorum
753 1891 899 1921 tenores
925 1884 1205 1932 presentandum
1232 1883 1310 1918 fore
1337 1884 1470 1930 absque
1499 1884 1650 1931 strepitu
1676 1884 1768 1919 iudi-

206 1954 288 1990 ciali
316 1953 481 1989 vlteriori
508 1952 711 1989 statuerunt
738 1958 773 1989 et
800 1965 866 2000 per
891 1953 1073 2000 presentes
1100 1950 1359 1987 inuiolabiliter
1386 1951 1570 1987 obseruari
1597 1952 1768 1988 decreue—

205 2027 292 2058 runt
311 2042 318 2049 -
332 2021 444 2057 Lecta
461 2020 536 2056 lata
554 2026 590 2056 et
608 2021 646 2056 in
665 2021 805 2069 scriptis
823 2020 1065 2069 pronunciata
1083 2020 1230 2055 fuerunt
1248 2019 1317 2055 hoc
1335 2019 1522 2055 decretum
1542 2025 1577 2055 et
1596 2019 1768 2056 statutum

205 2103 271 2138 per
290 2090 405 2126 ᾶίἇὶοε
422 2088 644 2137 prepositum
663 2096 700 2125 et
719 2089 916 2137 capitulum
941 2101 1036 2124 anno
1061 2088 1118 2123 die
1145 2088 1264 2123 mense
1287 2093 1322 2123 et
1340 2087 1421 2123 loco
1438 2088 1568 2134 quibus
1587 2087 1693 2136 supra
1711 2102 1767 2124 me

205 2158 350 2195 notario
376 2157 522 2205 publico
550 2157 748 2204 subscripto
775 2157 811 2192 in
838 2157 946 2192 fidem
974 2163 1010 2192 et
1036 2156 1279 2192 testimoniam
1305 2156 1508 2191 huiusmodi
1535 2169 1600 2204 per
1625 2157 1765 2193 eosdem

206 2226 328 2263 debite
347 2224 531 2273 requisito.

253 2294 461 2331 JOHANNES
512 2293 725 2329 DmGwALL
769 2293 971 2341 prepositus
1039 2291 1245 2328 MAGISTER
1284 2291 1489 2328 JOHANNES
1530 2291 1664 2328 LoGAN
1707 2294 1766 2329 de-

304 2376 415 2399 manu
434 2363 496 2399 sua
514 2361 717 2410 subscripsit
1089 2373 1201 2397 canus
1219 2373 1328 2396 manu
1347 2360 1496 2408 propria
