2147 2964
224 575 292 606 103

228 983 294 1014 104

233 1668 301 1699 105

235 1874 304 1910 106

357 272 425 303 140
660 263 976 302 REGISTRUM
1005 263 1255 301 ECCLESIE
1285 263 1627 300 COLLEGIATE

356 366 471 414 burgh
501 365 561 401 Mr
583 366 731 412 George
765 364 971 400 Makesoun
1005 363 1106 399 clcrk
1137 364 1209 398 and
1242 363 1388 399 Gilbert
1422 362 1643 410 Heni-ysoun
1677 362 1762 398 with
1796 362 1932 398 vtheris

355 436 489 471 diuers.

356 555 614 609 PRECEPTUM
635 569 746 605 saline
770 582 836 616 per
856 569 1068 617 magistrum
1096 568 1298 605 Robertum
1326 568 1422 604 Pont
1449 568 1671 616 prepositum
1699 581 1764 616 pro
1791 567 1933 604 Jacobo

358 640 490 676 Foules
509 644 682 686 tanquam
702 638 777 673 filio
797 644 833 673 et
850 637 988 673 herede
1016 638 1201 685 quondam
1230 637 1391 685 magistri
1413 636 1569 672 Henrici
1589 636 1722 672 Foules
1742 637 1786 672 de
1808 636 1933 673 Colin-

358 718 446 746 toun
466 709 528 756 qui
548 708 637 743 obiit
657 707 806 743 vestitus
826 709 872 743 ad
891 708 999 743 fidem
1025 708 1123 755 regis
1142 708 1187 742 de
1207 706 1314 742 terris
1331 706 1375 741 de
1398 705 1597 742 Comstoun
1619 718 1700 741 cum
1721 705 1932 741 molendino

358 779 538 815 fullonum
562 777 767 813 iacentibus
794 777 832 812 in
858 776 1013 812 baronia
1040 776 1085 811 dc
1105 775 1278 811 Manwell
1307 775 1401 810 infra
1422 775 1716 811 vicecomitatum
1737 775 1782 810 de
1804 774 1933 811 Striui-

359 849 434 896 ling
453 868 460 874 ·
480 847 593 895 Apud
613 846 807 894 collegium
833 845 855 882 6
875 845 1016 893 Aprilis
1038 844 1143 884 1578.

362 969 509 1023 CARTA
536 984 623 1019 data
647 982 836 1019 Willelmo
864 980 1048 1017 Rankello
1075 980 1205 1016 nuntio
1234 980 1402 1028 burgensi
1430 981 1475 1016 de
1505 981 1653 1028 Couper
1681 986 1716 1016 et
1744 980 1936 1017 Griffillidi

362 1053 570 1090 Meldrume
600 1051 676 1087 eius
706 1050 831 1098 sponse
853 1055 889 1085 et
920 1049 1116 1085 heredibus
1146 1049 1313 1084 masculis
1340 1049 1438 1084 inter
1457 1050 1550 1096 ipsos
1578 1049 1779 1096 procreatis
1805 1049 1937 1096 quibus

363 1121 616 1159 deficientibus
645 1119 777 1155 seniori
809 1118 987 1154 heredum
1021 1118 1262 1153 seminem-um
1290 1117 1422 1164 absque
1451 1117 1627 1154 diuisione
1658 1131 1724 1165 per
1751 1117 1937 1154 Joanncm

365 1189 503 1226 Bowfie
538 1188 741 1235 Georgium
778 1186 960 1222 Marchell
991 1186 1295 1221 Barthillomeum
1327 1185 1431 1233 Leny
1462 1186 1647 1222 Joannem
1681 1186 1834 1222 Marche
1866 1187 1938 1223 Ro-

367 1261 509 1295 bertum
545 1256 666 1292 Stanis
697 1255 920 1290 lVillelmuni
956 1254 1132 1302 Youngar
1164 1254 1392 1290 Willelmum
1426 1253 1590 1290 Sinclare
1626 1254 1811 1290 Joannem
1841 1255 1940 1292 Cun-

366 1327 576 1376 nynghame
603 1324 804 1360 Patricium
825 1322 1063 1358 Howlatsoun
1091 1322 1317 1358 Richardum
1347 1322 1536 1371 Bynnyng
1554 1322 1781 1358 VVillelmum
1812 1323 1941 1372 Quhyt

368 1396 549 1431 Thomam
569 1393 770 1428 Libertoun
791 1397 826 1427 et.
845 1391 1049 1427 Gilbertum
1073 1390 1318 1439 Henrysoune
1344 1390 1601 1439 hospitularios
1630 1398 1666 1427 et
1685 1391 1939 1428 Alexandrum

370 1463 589 1510 Henrysoun
617 1460 828 1508 magistrum
854 1458 1041 1507 hospitalis
1068 1459 1113 1494 de
1141 1465 1273 1506 quarta
1298 1466 1403 1507 parte
1425 1466 1606 1497 terrarum
1627 1461 1672 1496 de
1692 1460 1913 1509 Vtherogall
1933 1484 1939 1490 -

369 1536 416 1568 30
434 1531 459 1568 J
463 1531 536 1567 unii
558 1530 653 1569 1578
673 1550 679 1557 ·
702 1527 848 1577 [Deleta
867 1529 907 1563 in
924 1527 1105 1575 registro]

367 1650 543 1707 REGRES
572 1667 612 1702 of
639 1666 699 1702 the
727 1664 874 1700 foirsaid
902 1664 1077 1700 chartour
1105 1671 1141 1700 to
1171 1664 1385 1700 Alexander
1414 1665 1596 1701 Rankello
1616 1687 1623 1694 ·
1652 1668 1700 1701 30
1718 1666 1824 1702 Junii
1847 1668 1942 1705 1578

369 1736 571 1787 [Deleted]

368 1858 597 1912 Rhemum
618 1872 802 1908 Robertus
820 1870 933 1906 Pontt
960 1868 1163 1917 prepositus
1189 1869 1425 1917 prebendarii
1453 1870 1709 1917 capellanique
1733 1871 1940 1906 concedunt

368 1942 506 1979 Joanni
526 1941 730 1977 Lauthiane
759 1945 795 1975 et
822 1938 1036 1974 Elizabethe
1064 1937 1193 1985 Naper
1219 1938 1280 1973 sue
1308 1938 1433 1985 sponse
1461 1944 1498 1974 et
1515 1938 1712 1974 heredibus
1731 1939 1829 1974 inter
1845 1939 1941 1986 ipsos

369 2012 570 2059 procreatis
589 2009 719 2056 quibus
734 2006 988 2043 deficientibus
1006 2005 1203 2041 heredibus
1222 2006 1282 2041 seu
1298 2005 1482 2054 affignatis
1496 2005 1517 2042 J
1524 2006 1652 2042 oannis
1667 2007 1941 2054 quibuscunque

370 2081 466 2116 illam
495 2080 642 2114 domum
671 2077 853 2112 iacentem
884 2087 999 2123 prope
1031 2074 1224 2122 collegium
1257 2076 1304 2111 ad
1329 2076 1438 2111 finem
1468 2075 1653 2111 borealem
1679 2075 1778 2111 horti
1804 2075 1939 2111 domini

370 2148 501 2184 Jacobi
521 2145 667 2182 Waldie
694 2143 931 2192 prebendarii
957 2143 1001 2178 de
1031 2142 1200 2178 Gilstoun
1231 2143 1317 2192 [etc.
1342 2149 1381 2179 ut
1407 2144 1511 2192 supra
1530 2143 1603 2180 No.
1623 2143 1686 2191 98]
1708 2143 1802 2179 dicte
1821 2143 1941 2179 Eliza—

372 2217 479 2252 bethe
498 2214 721 2251 hereditarie
749 2213 993 2260 pertinentem
1013 2216 1049 2246 et
1075 2224 1141 2258 per
1160 2224 1239 2247 eam
1267 2212 1485 2259 resignatam
1503 2233 1511 2241 ·
1530 2211 1733 2247 Reddendo
1753 2213 1940 2247 annuatim

374 2286 419 2320 ad
448 2285 588 2320 nostras
617 2284 662 2318 lie
690 2282 886 2318 commonis
915 2283 959 2315 14
972 2293 998 2316 s,
1029 2285 1064 2316 et
1095 2280 1342 2327 hospitulariis
1372 2280 1495 2317 Sanffi
1525 2279 1708 2316 Leonardi
1729 2282 1791 2315 2s.
1811 2279 1943 2315 vsualis

375 2358 518 2388 monete
538 2374 544 2380 -
566 2352 678 2399 Apud
700 2350 906 2398 Collegium
927 2353 949 2384 8
968 2348 1187 2384 Decembris
1208 2349 1315 2387 1578.
