2147 2964
821 277 892 313 DE
918 277 1191 314 DALKETH.
1722 284 1793 316 325

220 374 370 411 ecclesie
390 375 583 424 collegiate
603 376 647 411 de
666 374 847 411 Dalketht
866 405 872 412 .
893 404 901 412 .
924 403 932 411 .
952 376 1012 412 seu
1039 377 1161 412 abbati
1184 378 1228 412 de
1248 376 1472 413 Newbothill
1499 378 1687 415 alternatis
1707 380 1792 415 vici-

218 443 286 479 bus
306 471 313 479 .
336 471 344 478 .
366 471 374 479 .
394 444 624 491 capellanum
650 472 658 480 .
680 471 688 479 .
710 471 717 479 .
742 443 931 480 instituere
957 472 965 479 .
987 472 995 479 .
1017 472 1024 479 .
1051 458 1093 480 ac
1125 445 1238 481 eciam
1270 444 1295 480 si
1327 445 1412 480 dieti
1433 473 1440 481 .
1462 473 1470 481 .
1492 474 1500 481 .
1520 446 1704 483 voluerint
1726 475 1733 483 .
1755 476 1759 481 .
1783 476 1790 482 .

218 511 439 559 capellanias
458 518 520 548 aut
538 512 798 548 fundacionem
816 511 972 559 ipsarum
994 540 1001 547 .
1023 541 1031 548 .
1052 540 1060 547 .
1080 513 1283 560 infringere
1301 513 1425 549 licebit
1441 514 1545 549 difitis
1559 515 1739 563 preposito
1755 523 1791 551 et

218 579 340 615 abbati
357 607 365 615 .
383 607 391 615 .
408 607 416 616 .
433 580 659 628 capellanum
678 608 686 615 .
709 607 716 615 .
735 608 742 615 .
758 580 816 616 vel
835 580 925 615 duos
945 580 1151 628 capellanos
1171 609 1178 616 .
1198 608 1205 616 .
1227 608 1235 616 .
1255 581 1443 616 instituere
1464 609 1471 616 .
1495 609 1502 616 .
1523 610 1529 617 .
1550 588 1585 617 et
1606 610 1612 617 .
1636 610 1643 617 .
1665 610 1673 617 .
1693 584 1790 629 quod

217 646 242 682 fi
267 647 429 694 quisquis
458 648 731 695 capellanorum
753 676 760 683 .
782 675 790 683 .
813 675 820 683 .
842 648 973 694 absque
999 648 1157 684 licencia
1184 648 1361 683 dictorum
1389 649 1530 685 abbatis
1558 656 1593 685 et
1618 650 1788 698 prepositi

220 743 226 750 .
246 744 254 751 .
275 744 282 751 .
303 730 325 752 a
343 717 439 753 di&a
457 717 544 753 villa
570 718 616 752 ad
644 717 852 764 quindecim
881 717 958 751 dics
977 716 1010 751 se
1030 716 1274 751 absentauerit
1294 743 1301 751 .
1322 744 1328 749 .
1351 742 1359 751 .
1379 716 1583 763 capellania
1602 719 1789 754 censeatur

219 812 226 819 .
245 812 253 819 .
270 811 277 819 .
294 797 426 820 vacare
447 813 455 820 .
477 812 485 820 .
507 813 514 820 .
535 790 696 820 ceterum
716 783 741 819 si
761 784 951 831 contingat
970 795 1150 830 quemque
1168 783 1413 829 p1·edi6t01·um
1434 784 1704 831 capellanorum
1727 815 1731 820 .
1753 815 1759 821 .
1782 817 1789 823 .

218 852 459 887 concubinam
479 852 536 887 vel
555 852 732 887 focariam
751 851 933 900 publicam
949 851 1115 886 detinere
1136 878 1143 885 .
1165 877 1173 885 .
1195 878 1202 885 .
1224 856 1259 886 et
1274 856 1330 886 ter
1345 851 1502 887 monitus
1517 865 1582 898 per
1596 859 1787 899 patronum

218 947 225 954 .
249 947 256 954 .
271 947 284 954 ..
305 920 458 955 eandem
479 948 487 955 .
509 947 516 955 .
539 948 546 955 .
566 932 639 955 non
660 919 837 955 dimiserit
857 947 864 954 .
885 946 893 954 .
915 947 922 954 .
943 918 1147 966 capellania
1166 947 1171 953 .
1191 945 1199 952 .
1219 946 1226 953 .
1246 931 1377 953 vacare
1397 919 1602 954 consebitur
1618 947 1626 954 .
1643 946 1650 954 .
1668 948 1675 955 .
1692 920 1788 955 Volo

217 988 333 1024 eciam
363 989 461 1035 quod
488 989 574 1024 diai
605 988 786 1036 capellani
817 988 983 1023 omnibus
1012 987 1139 1022 diebus
1158 985 1365 1022 Dominicis
1397 992 1432 1021 et
1461 987 1557 1022 festis
1586 988 1789 1036 duplicibus

217 1056 416 1091 maioribus
435 1056 720 1102 proceslionibus
739 1068 870 1102 magne
889 1054 986 1090 misse
1002 1061 1037 1090 et
1052 1055 1210 1102 vesperis
1225 1054 1429 1089 huiusmodi
1449 1055 1486 1090 in
1501 1055 1628 1091 habitu
1643 1057 1787 1092 decenti

219 1136 374 1159 vnacum
403 1124 658 1170 prebendariis
686 1123 789 1158 chori
817 1122 965 1158 ecclesie
998 1123 1190 1170 collegiate
1217 1123 1262 1158 de
1290 1123 1470 1158 Dalketht
1501 1123 1788 1159 ministrantibus

218 1191 386 1226 intersint
406 1218 414 1225 .
436 1218 444 1226 .
465 1219 472 1226 .
493 1197 529 1227 et
549 1220 556 1227 .
579 1219 586 1226 .
608 1218 615 1226 .
636 1192 704 1226 sint
732 1191 877 1226 subieffi
905 1191 1153 1226 iurisdiccioni
1180 1191 1358 1226 ordinarii
1385 1191 1499 1226 nostri
1526 1192 1787 1240 archicpiscopi

221 1256 482 1294 Sanctiandree
502 1279 509 1287 ·
529 1258 573 1293 In
602 1258 704 1293 cuius
725 1286 732 1293 .
755 1285 762 1293 .
784 1285 792 1293 .
812 1258 1043 1293 fundacionis
1066 1286 1073 1294 .
1094 1286 1101 1293 .
1122 1286 1130 1293 .
1150 1258 1396 1294 testimonium
1418 1286 1425 1293 .
1445 1287 1452 1294 .
1475 1286 1482 1294 .
1502 1260 1663 1306 prefatus
1683 1273 1788 1295 vene-

219 1326 343 1362 rabilis
371 1332 475 1374 pater
505 1327 603 1362 suum
637 1326 791 1373 sigillum
821 1326 1043 1361 autenticum
1072 1326 1169 1361 suam
1191 1353 1198 1361 .
1221 1353 1228 1361 .
1250 1354 1257 1361 .
1279 1327 1596 1362 confirmacionem
1629 1328 1788 1375 interpo-

219 1395 341 1430 nendo
362 1422 370 1429 .
391 1422 398 1429 .
418 1422 426 1429 .
448 1394 533 1430 huic
561 1394 719 1441 presenti
748 1394 879 1442 scripto
900 1422 906 1430 .
929 1422 936 1429 .
958 1421 965 1429 .
986 1394 1118 1441 apponi
1148 1393 1244 1429 iussit
1275 1407 1430 1430 vnacum
1460 1395 1689 1442 apposicione
1718 1397 1787 1431 mei

220 1462 325 1510 sigilli
345 1462 442 1509 apud
460 1462 642 1497 Dalketht
662 1462 830 1497 vicesimo
849 1462 908 1497 die
929 1461 1056 1496 mensis
1074 1461 1167 1496 Julii
1192 1474 1287 1496 anno
1308 1461 1459 1496 Domini
1479 1462 1664 1498 millesimo
1685 1464 1787 1510 quin-

217 1531 417 1578 gentesimo
450 1536 580 1577 quarto
615 1529 762 1578 [tercio]
798 1542 920 1565 coram
955 1529 1024 1564 hiis
1055 1529 1203 1565 testibus
1235 1529 1405 1565 videlicet
1436 1530 1584 1565 domino
1615 1530 1787 1566 Johanne

220 1598 363 1635 Gifferd
383 1598 520 1633 vicario
540 1599 584 1633 de
604 1597 866 1633 Innerletllane
884 1598 1031 1632 domino
1051 1597 1196 1633 Thema
1215 1597 1357 1633 Gifferd
1376 1598 1619 1645 prebendario
1639 1598 1787 1634 ecclesie

219 1666 412 1713 collegiate
432 1666 477 1701 de
498 1665 679 1701 Dalketht
698 1666 847 1701 domino
866 1665 991 1700 Dauid
1012 1665 1225 1702 Stevinsone
1245 1666 1434 1713 capellano
1454 1673 1490 1702 et
1509 1666 1656 1701 domino
1676 1666 1788 1702 Alex-

219 1735 334 1771 andro
356 1734 444 1771 Cow
463 1734 608 1769 notario
627 1734 775 1781 publico
803 1746 884 1769 cum
904 1734 1054 1769 diuersis
1082 1734 1161 1769 aliis
1179 1755 1186 1762 ·
1207 1735 1265 1769 Ac
1284 1734 1393 1770 etiam
1419 1734 1558 1781 primus
1577 1735 1788 1781 capellanus

218 1803 366 1839 habebit
381 1803 512 1851 viginti
531 1802 661 1837 solidos
681 1802 792 1837 annui
811 1802 974 1838 redditus
989 1802 1034 1837 de
1053 1808 1261 1838 tenemento
1277 1803 1414 1837 domini
1435 1803 1479 1837 de
1497 1802 1627 1838 Carlill
1646 1803 1787 1840 iacente

218 1871 255 1906 in
275 1871 362 1906 villa
380 1871 424 1906 de
440 1870 657 1918 Edinburgh
677 1883 720 1906 ex
739 1876 843 1917 parte
865 1870 994 1905 boriali
1013 1871 1135 1917 magni
1155 1870 1225 1905 vici
1245 1870 1402 1905 ciusdem
1422 1871 1459 1905 in
1481 1870 1615 1905 vinella
1634 1870 1788 1907 Ricardi

220 1939 377 1987 Hoppar
402 1951 447 1974 ex
474 1945 578 1985 parte
606 1938 825 1973 occidentali
853 1938 1011 1973 eiusdem
1033 1965 1041 1972 .
1063 1965 1070 1973 .
1094 1966 1100 1972 .
1122 1938 1168 1973 Et
1196 1951 1263 1986 ego
1283 1938 1497 1973 Alexander
1518 1938 1604 1974 Cow
1624 1940 1788 1975 notarius

221 2035 228 2041 .
259 2034 267 2041 .
297 2034 305 2041 .
333 2006 536 2054 prescripta
566 2034 573 2041 .
604 2034 611 2041 .
642 2033 649 2040 .
676 2006 820 2041 ratifico
849 2032 857 2040 .
888 2033 894 2040 .
926 2034 933 2040 .
963 2018 1084 2040 coram
1121 2005 1189 2040 hiis
1225 2006 1374 2041 testibus
1410 2006 1580 2042 videlicet
1615 2006 1788 2043 Johanne

220 2074 454 2122 M⁰Quhitrig
470 2074 613 2109 Mathia
626 2074 767 2109 Burnet
782 2079 818 2109 et
832 2073 995 2121 Georgio
1011 2073 1125 2108 Eldar
1140 2086 1222 2109 cum
1237 2074 1387 2109 diuersis
1402 2074 1482 2109 aliis
1497 2096 1503 2102 -
1519 2073 1786 2121 Quamquidem

221 2149 358 2179 cartam
379 2169 386 2177 .
411 2170 419 2177 .
441 2169 449 2177 .
470 2142 727 2177 confirmamus
754 2141 860 2176 saluis
886 2141 991 2177 nobis
1009 2167 1017 2176 .
1039 2169 1046 2176 .
1068 2169 1075 2176 .
1096 2142 1308 2176 oracionum
1335 2141 1512 2189 suffragiis
1533 2169 1540 2177 .
1563 2170 1570 2177 .
1592 2170 1599 2177 .
1621 2148 1761 2178 tantum
1783 2165 1788 2170 ·

220 2211 264 2246 In
285 2210 386 2245 euius
405 2209 458 2244 rei
478 2209 724 2245 testimonium
743 2209 901 2256 presenti
922 2215 1021 2244 carte
1040 2209 1159 2244 nostre
1179 2237 1186 2244 .
1206 2237 1213 2244 .
1235 2237 1242 2244 .
1260 2222 1432 2257 magnum
1452 2210 1603 2258 sigillum
1625 2210 1787 2246 nostrum

221 2278 355 2326 apponi
374 2278 603 2326 precepimus
622 2277 771 2313 testibus
792 2305 799 2313 .
821 2305 828 2313 .
850 2305 858 2313 .
880 2278 1066 2314 Willelmo
1085 2277 1252 2324 episcopo
1266 2277 1509 2313 Abirdonensi
1529 2278 1642 2313 nostri
1660 2278 1787 2314 secreti

221 2346 328 2395 sigilli
347 2346 493 2382 custode
514 2374 522 2381 .
544 2374 551 2381 .
572 2375 578 2382 .
599 2345 827 2381 Archibaldo
855 2346 986 2381 comite
1014 2346 1058 2380 de
1086 2345 1217 2393 Argile
1244 2345 1392 2380 domino
1412 2345 1603 2393 Campbell
1631 2353 1666 2382 et
1686 2346 1785 2382 Lorn

218 2414 390 2463 magistro
417 2414 568 2461 hospicii
595 2413 709 2449 nostri
727 2414 889 2450 Patricio
917 2414 1049 2449 comite
1077 2413 1121 2448 de
1140 2413 1313 2448 Bothwill
1339 2413 1486 2449 domino
1511 2414 1555 2449 de
1581 2413 1688 2449 Halis
1716 2422 1784 2450 etc.
