2147 2964
910 315 1096 353 INDEX.

236 417 346 453 Fraser,
368 416 504 453 magister
524 416 661 450 Joannes,
684 416 832 454 presbyter
858 416 968 445 Sancti-

276 469 379 498 andree
395 468 520 502 diocesis,
536 468 661 497 decanus
681 468 799 497 ecclesie
820 468 970 505 eollegiate

275 521 309 550 de
324 521 476 558 Restalrig,
492 524 521 549 et
535 524 632 558 postea
646 520 793 558 episcopus
814 520 970 556 Rossensis,

276 573 664 609 273-275,280,288,29L

236 642 313 648 ——
329 625 502 662 Margareta,
538 624 599 652 vide
641 623 801 660 Achesoum
842 624 970 653 Hender-

275 675 354 694 soun.

330 717 445 753 Symon,
461 717 506 744 30.

330 769 445 806 Symon,
468 768 624 796 vicecomes
645 768 679 795 de
703 768 864 804 Tracquare
888 768 971 805 (forte

275 820 373 858 idem),
390 821 437 849 35.

238 871 441 906 Frendraucht,
457 871 588 900 dominus
602 871 645 907 de,
663 871 724 899 vide
739 871 910 900 Crechtoun.

235 923 434 962 Froggisland,
445 927 521 952 terra
531 923 634 960 Froge,
646 928 719 951 terra
729 923 871 960 quondam
884 923 969 960 Frog,

276 977 337 1005 vide
352 975 548 1012 Muselburgh.

236 1030 344 1064 Frowe,
359 1028 379 1057 J
382 1027 515 1064 ohannes,
532 1028 579 1063 32,
595 1028 643 1056 33.

328 1081 477 1115 Robertus,
492 1081 539 1116 32,
556 1081 602 1109 33.

237 1133 459 1170 Fulewethynis,
476 1132 722 1170 Futhewethynis,
740 1133 766 1161 in
790 1133 924 1171 parochia
938 1133 972 1161 de

277 1184 485 1222 Cheldynkirk,
503 1186 549 1213 12.

237 1238 324 1274 Furd,
341 1237 445 1273 Furde,
461 1238 528 1265 309.

330 1290 460 1324 Mariota,
477 1289 539 1317 vide
553 1289 682 1317 Walkar.

236 1342 382 1380 Fynnard,
399 1342 460 1370 vide
475 1341 654 1370 Hamiltoun.

237 1395 333 1432 wae,
349 1393 480 1422 dominus
495 1393 600 1429 Dauid,
615 1393 645 1421 in
660 1393 769 1422 artibus
790 1395 924 1431 magister
946 1399 973 1423 et

277 1448 306 1475 in
321 1446 442 1475 decretis
455 1445 639 1482 baccalarius,
657 1447 703 1474 73.
947 1444 950 1447 ’

238 1602 400 1637 Galbraith,
429 1601 580 1637 Galbratb,
608 1601 745 1638 magister
779 1606 808 1629 ct
843 1601 973 1630 dominus

277 1654 426 1690 Robertus,
442 1654 489 1682 89.

265 1744 270 1747 ¹
332 1706 414 1735 Schir
428 1705 561 1741 Thomas,
580 1707 645 1740 157,
665 1708 729 1735 159.

238 1758 369 1795 Galfridi,
386 1757 549 1786 willelmus
563 1757 646 1794 filius,
663 1760 710 1787 28.

223 1811 347 1848 ¹Galow,
364 1820 439 1848 aqua
451 1810 494 1845 de,
512 1811 557 1843 18,
574 1810 620 1846 20,
637 1812 681 1838 21.

237 1863 368 1900 Galway,
384 1862 495 1891 Alanus
508 1862 551 1898 de,
568 1864 615 1890 27.

333 1914 479 1943 Rolandus
493 1914 537 1950 de,
554 1915 601 1942 27.

239 1967 389 2003 Gardinar,
433 1966 583 2002 Gardnair,
631 1966 769 2003 Gardnar,
817 1967 971 2003 Gardnarc,

280 2018 418 2055 Gardner,
434 2018 590 2054 Johannes,
607 2019 653 2055 35,
672 2020 737 2055 123,
757 2020 822 2054 147,
839 2021 906 2048 294.

333 2071 489 2107 Johaunes,
512 2070 721 2108 hospitularius,
741 2072 805 2107 108,
824 2073 888 2107 125,
906 2073 972 2107 223,

280 2124 346 2152 226.

333 2175 354 2204 J
356 2175 489 2210 ohannes,
501 2174 585 2211 lanio,
597 2175 745 2212 burgensis
753 2174 788 2203 de
798 2175 973 2211 Edinburch‚

282 2228 347 2263 125,
366 2227 431 2255 128.

332 2278 511 2314 Laurentius,
524 2277 733 2316 hospitularius,
749 2279 813 2314 142,
830 2280 894 2315 144,
908 2280 974 2316 239,

281 2332 347 2359 240.

335 2382 485 2416 Patricius,
501 2383 547 2410 86.

335 2434 475 2463 Robertus
489 2433 555 2471 Fisy
570 2434 690 2463 seruitor
704 2434 846 2472 Rollandi,
866 2437 929 2464 128.

955 2489 1008 2517 2Υ

1687 318 1758 353 349

1021 414 1172 450 Gardinar,
1188 412 1354 448 Rollandus,
1365 412 1449 448 lanio,
1459 413 1610 451 burgensis
1620 412 1654 441 dc
1666 412 1756 441 Edin-

1061 466 1160 502 bruch,
1179 466 1245 494 128.

1022 519 1102 554 Gaw,
1120 517 1291 553 Alexander,
1307 517 1338 546 of
1350 517 1434 553 Maw,
1453 519 1518 546 116.

1022 570 1148 606 Germin,
1171 569 1314 605 Germine,
1340 569 1475 606 Germyn,
1499 569 1651 607 Germyne,
1666 569 1754 598 domi·

1061 631 1115 650 nus
1140 621 1286 656 Rieardus,
1309 621 1440 650 dominus
1463 622 1498 650 ‹le
1520 622 1706 660 LympetlaW,
1729 624 1755 656 9,

1062 676 1109 710 22,
1126 675 1229 709 24-26,
1245 674 1292 709 48,
1309 674 1356 701 50.

1115 725 1278 762 Mergareta
1291 734 1364 753 vxor
1378 724 1501 760 Ricardi,
1518 727 1565 753 22.

1022 776 1088 813 Gib,
1104 776 1252 813 Georgius,
1269 776 1298 804 in
1320 776 1391 804 villa
1411 777 1446 805 de
1468 777 1551 805 Leith
1573 787 1754 813 commorans,

1064 830 1130 856 154.

1022 881 1159 916 Gibsoun,
1175 880 1251 909 filius
1267 880 1399 916 (filberti,
1413 881 1547 916 Barbara,
1566 882 1626 909 vide
1642 882 1754 910 Foular.

1115 932 1264 969 GeorgiUS,
1281 933 1380 969 scriba,
1399 934 1464 961 148.

1115 985 1250 1022 magister
1284 984 1454 1020 Willelmus,
1483 985 1606 1014 decanus
1640 986 1756 1014 ecclesie

1062 1036 1211 1074 collegiate
1225 1037 1260 1065 de
1275 1036 1428 1074 Restalrig,
1445 1038 1512 1065 207.

1116 1088 1231 1126 Symon,
1248 1090 1296 1117 26.

1023 1140 1140 1176 Gifferd,
1163 1140 1274 1176 Giffert,
1297 1141 1428 1169 (lominus
1457 1141 1612 1176 Johannes,
1635 1142 1756 1170 vicarius

1062 1193 1096 1221 de
1112 1192 1323 1229 Innerlethane,
1340 1194 1407 1221 325.

1116 1245 1246 1273 dominus
1266 1244 1401 1279 Thomas,
1418 1245 1620 1283 prebendarius
1640 1246 1756 1274 ecclesie

1063 1296 1212 1334 collegiate
1227 1297 1261 1325 (le
1278 1296 1427 1334 Dalketht,
1444 1299 1510 1326 325.

1115 1348 1250 1384 Jacobus,
1273 1349 1307 1377 de
1330 1349 1510 1385 Schirefhall,
1532 1350 1758 1387 consanguineus

1064 1400 1193 1437 magistri
1207 1400 1373 1436 Alexandri,
1388 1402 1454 1429 324.

1112 1453 1248 1489 magister
1256 1452 1428 1489 Alexander,
1438 1457 1528 1482 rector
1539 1453 1573 1482 (le
1583 1454 1756 1489 Newlandis,

1063 1505 1128 1532 323.

1023 1556 1143 1591 Gilbert,
1156 1556 1175 1585 J
1178 1566 1290 1591 oannes,
1304 1557 1452 1593 aurifaber,
1466 1557 1613 1595 burgensis
1623 1558 1658 1586 de
1668 1558 1756 1587 Edin-

1063 1608 1165 1645 burgh,
1184 1609 1248 1644 151,
1267 1610 1332 1637 153.

1116 1659 1260 1696 Michaell,
1276 1660 1400 1689 balliuus
1412 1661 1447 1690 de
1462 1661 1643 1699 Edinburgh,
1662 1664 1726 1692 155.

1024 1711 1154 1747 Gilberti,
1172 1711 1233 1739 vide
1248 1711 1386 1740 Gibsouu.

1024 1763 1182 1799 Gilestoun‚
1206 1762 1378 1801 Gillystoun,
1402 1763 1522 1801 Gilston,
1544 1764 1685 1800 Gilstoun,
1709 1767 1756 1794 In-

1063 1815 1154 1852 ferior,
1170 1816 1216 1852 83,
1235 1817 1299 1845 102.

1115 1867 1317 1904 prebendarius
1328 1867 1371 1904 de,
1385 1870 1432 1897 67.
1470 1869 1539 1898 Vide
1550 1870 1636 1898 etiam
1649 1870 1755 1898 Ballin-

1063 1919 1114 1955 tiu,
1130 1919 1260 1948 Waddic.

1118 1970 1257 2008 Superior,
1274 1972 1321 2007 83,
1339 1973 1402 2000 102.

1116 2026 1189 2051 terre
1204 2023 1247 2059 de,
1263 2023 1337 2052 infra
1357 2024 1511 2053 dominium
1533 2025 1567 2054 de
1591 2025 1690 2062 Soltre,
1708 2028 1754 2061 24,

1064 2075 1111 2110 48,
1128 2075 1175 2111 66,
1192 2075 1239 2109 67,
1258 2076 1322 2111 154,
1342 2077 1407 2104 155.

1025 2125 1205 2154 Gilmertoun
1233 2126 1307 2155 infra
1338 2127 1499 2165 parochiam
1527 2129 1562 2157 de
1590 2130 1754 2166 Libertoun,

1065 2178 1243 2207 cai-bofodine
1258 2178 1301 2215 de,
1318 2180 1365 2208 79.

1117 2235 1299 2268 occupatores
1332 2232 1575 2262 carbofodinarum
1615 2234 1659 2271 de,
1695 2235 1757 2264 vide

1066 2281 1248 2319 Cougiltoun,
1271 2282 1409 2321 Gothray,
1432 2284 1552 2323 Hering,
1568 2286 1756 2324 Keringtoun,

1065 2334 1175 2371 Lowry,
1191 2334 1362 2372 Patonsoun,
1379 2336 1519 2367 Wilsoun.

1027 2385 1222 2423 Glasguensis,
1250 2387 1284 2416 de
1313 2387 1433 2425 Glasgu,
1459 2389 1490 2418 of
1514 2389 1639 2428 Glesgw,
1665 2392 1757 2420 Adam

1066 2437 1230 2476 capellanus
1245 2438 1365 2468 Walteri
1380 2440 1511 2479 episcopi,
1528 2443 1575 2471 25.
