2147 2964
500 291 712 330 SANCTE
740 293 1055 331 TRINITATIS
1082 294 1152 330 DE
1182 295 1515 334 EDINBURGH.
1722 302 1793 335 ‘245

225 387 385 425 eiusdem
404 402 471 438 pro
489 390 748 427 sustentatione
775 404 976 440 pauperum
1005 399 1040 428 et
1068 399 1276 440 egrotorum
1305 407 1371 442 per
1395 395 1488 442 ipsos
1516 395 1610 432 infra
1637 398 1788 433 eandem

225 456 463 494 locandorum
482 465 519 495 et
537 459 628 494 nulli
648 458 719 495 alio
739 459 813 494 vsui
832 461 1083 495 tantummodo
1098 481 1105 488 ·
1119 461 1335 497 Tenendum
1352 468 1386 498 et
1405 462 1609 499 habendam
1626 470 1736 500 totam
1754 473 1788 500 ot

225 524 406 573 integram
424 527 603 573 prefatam
624 526 812 562 ecclesiam
834 534 998 563 vocatam
1019 528 1204 564 ecclesiam
1227 529 1421 565 Trinitatis
1443 543 1523 566 cum
1543 531 1657 567 hortis
1677 533 1788 568 domi-

224 592 291 628 bus
319 594 471 629 edificiis
497 594 670 642 pomariis
697 594 822 630 croftis
850 594 1072 631 columbario
1098 602 1134 631 ct
1161 597 1325 632 domibus
1352 598 1439 633 dieii
1466 599 1651 646 hospitalis
1671 601 1789 635 vocati

224 660 409 709 hospitalis
429 662 625 698 Trinitatis
650 675 732 698 cum
758 663 925 698 omnibus
948 663 1038 699 locis
1057 665 1221 710 partibus
1241 671 1276 700 et
1302 664 1567 713 possessionibus
1592 668 1786 703 earundem

223 741 289 775 per
302 729 524 777 prepositum
542 736 578 766 et
594 730 859 777 prebendarios
878 731 971 765 dieto
987 730 1134 766 ecclesie
1154 732 1346 779 collegiate
1365 733 1532 780 perprius
1551 736 1736 781 occupatis
1755 743 1790 771 ct

222 795 409 844 poffidatis
428 798 525 833 diao
543 798 692 833 domino
709 797 861 846 Symoni
878 798 1055 833 Prestoun
1075 811 1173 834 nunc
1192 800 1370 847 preposito
1389 800 1473 835 dieti
1493 802 1603 836 nostri
1619 803 1725 850 burgi
1745 804 1789 839 (le

223 864 438 901 Edinburch
459 871 495 901 et
513 865 772 901 successoribus
790 865 859 900 suis
877 864 1068 912 prepositis
1086 866 1232 901 balliuis
1260 867 1464 903 consulibus
1484 874 1519 903 et
1538 871 1787 906 communitati

223 933 309 968 dicti
325 933 439 969 nostri
452 933 558 981 burgi
577 946 644 980 pro
664 938 828 980 tempore
848 933 1083 969 existentibus
1098 934 1143 969 de
1162 934 1266 969 nobis
1286 941 1321 970 et
1336 935 1592 971 successoribus
1606 937 1736 973 nostris
1753 939 1787 973 in

221 1001 337 1037 libera
355 1001 439 1037 alba
457 1002 562 1037 firma
580 1001 849 1049 imperpetuum
868 1014 934 1048 per
953 1014 1078 1036 omnes
1106 1004 1222 1037 1·e6tas
1242 1009 1356 1038 metas
1383 1009 1418 1039 et
1437 1005 1568 1040 diuisas
1585 1012 1691 1054 prout
1708 1019 1784 1053 pro-

220 1069 296 1105 fata
324 1069 477 1105 ecclesia
506 1082 589 1105 cum
618 1070 789 1117 pomeriis
817 1069 933 1104 hortis
964 1069 1188 1105 columbario
1208 1076 1244 1106 et
1269 1071 1348 1106 aliis
1375 1072 1582 1120 prescriptis
1606 1080 1641 1108 ct
1661 1086 1787 1109 earun-

220 1138 303 1173 dem
317 1137 549 1185 pertinentiis
563 1137 686 1172 iacent
703 1137 741 1172 in
760 1137 992 1185 longitudine
1008 1145 1043 1174 et
1062 1138 1256 1175 latitudine
1277 1140 1313 1174 in
1329 1140 1493 1175 domibus
1509 1142 1660 1176 edificiis
1675 1142 1788 1178 hortis

220 1211 287 1241 etc.
302 1218 385 1242 cum
403 1205 519 1241 libero
538 1205 693 1240 introitu
709 1211 744 1241 et
764 1207 862 1241 exitu
876 1206 942 1240 viis
962 1212 997 1241 et
1016 1205 1180 1253 passagiis
1196 1208 1394 1243 earundem
1410 1209 1545 1244 vsitatis
1560 1215 1595 1245 et
1611 1210 1788 1245 consuetis

220 1286 300 1309 eum
320 1273 488 1308 omnibus
507 1272 586 1308 aliis
606 1278 641 1308 et
662 1272 810 1320 singulis
830 1274 1147 1310 commoditatibus
1175 1274 1401 1311 libertatibus
1421 1276 1624 1312 asiamentis
1644 1278 1789 1323 priuile-

217 1341 287 1388 giis
314 1347 350 1377 et
376 1341 478 1377 iustis
498 1341 567 1376 suis
594 1341 827 1388 pertinentiiS
854 1341 1127 1388 quibuscunque
1155 1342 1396 1389 spectantibus
1422 1344 1479 1378 scu
1511 1344 1601 1380 iuste
1629 1345 1786 1392 spe&are

219 1410 425 1446 valentibus
440 1410 501 1445 seu
515 1422 586 1456 que
601 1411 636 1444 in
654 1409 816 1445 futurum
834 1410 1018 1457 pertinere
1038 1410 1275 1445 dinoscuntur
1289 1411 1402 1446 libere
1419 1412 1539 1458 quiete
1556 1413 1719 1459 plenarie
1734 1414 1786 1448 in—

218 1484 322 1526 tegre
343 1478 545 1513 honorifice
562 1478 656 1513 bene
675 1483 711 1513 et
730 1478 766 1512 in
787 1490 877 1524 pace
905 1478 1037 1524 absque
1056 1478 1290 1513 reuocationc
1313 1484 1374 1514 aut
1393 1480 1680 1515 contradit-‘tione
1699 1494 1785 1528 qua-

220 1560 365 1595 cunque
384 1560 466 1583 eum
491 1546 655 1595 plenaria
680 1546 860 1593 potestate
883 1546 978 1582 dieto
998 1545 1148 1581 domino
1170 1545 1319 1593 Symoni
1340 1559 1438 1582 nunc
1456 1548 1636 1595 preposito
1656 1555 1692 1584 et
1710 1550 1785 1585 sue-

221 1614 414 1651 cessoribus
442 1614 510 1649 suis
528 1613 719 1661 prepositis
745 1614 890 1649 balliuis
917 1613 1122 1649 consulibus
1150 1620 1185 1649 et
1213 1614 1462 1650 communitati
1481 1615 1567 1649 dieti
1594 1616 1701 1663 burgi
1719 1629 1783 1664 pro

219 1689 383 1731 tempore
396 1682 632 1718 existentibus
644 1682 797 1729 desuper
809 1681 1024 1729 disponendi
1041 1687 1148 1729 prout
1163 1681 1246 1728 ipsis
1260 1681 1370 1716 visum
1387 1682 1496 1717 fuerit
1507 1683 1649 1729 prouiso
1662 1689 1783 1719 tamen

220 1751 318 1800 quod
331 1750 466 1787 astritfi
482 1756 590 1786 erunt
605 1755 643 1786 vt
660 1749 742 1785 loca
761 1755 796 1785 et
815 1749 885 1785 alia
903 1749 1102 1796 prescripta
1117 1749 1191 1784 vsui
1206 1749 1405 1797 prescripto
1421 1755 1455 1784 et
1470 1750 1571 1785 nullo
1586 1750 1657 1785 alio
1676 1752 1783 1786 modo

220 1833 289 1856 nec
308 1819 385 1856 vsui
404 1819 684 1867 applicabuntur
703 1840 709 1846 -
730 1817 934 1853 Reddendo
965 1817 1050 1852 inde
1086 1817 1273 1852 annuatim
1304 1817 1419 1852 dietus
1450 1817 1617 1853 dominus
1646 1818 1782 1866 Symon

221 1887 400 1925 Prestoun
418 1900 516 1923 nunc
535 1886 737 1934 prepositus
757 1886 841 1921 dieti
861 1885 971 1921 nostri
998 1885 1104 1933 burgi
1132 1886 1176 1920 de
1196 1885 1410 1921 Edinburch
1438 1891 1472 1921 et
1499 1886 1710 1922 successores
1733 1888 1782 1923 sui

221 1956 395 2005 prepositi
418 1955 546 1992 balliui
566 1954 730 1990 eonsules
749 1961 785 1990 ct
804 1954 1041 1990 communitas
1063 1953 1147 1988 diffi
1167 1953 1278 1988 nostri
1297 1953 1402 2000 burgi
1420 1966 1486 2001 pro
1506 1959 1668 2001 tempore
1696 1956 1784 1990 exis-

223 2030 341 2060 tentes
359 2023 463 2059 nobis
483 2029 519 2059 et
531 2022 786 2058 successoribus
806 2022 936 2057 nostris
952 2034 1061 2057 vnum
1076 2022 1266 2057 denarium
1286 2022 1428 2069 argenti
1450 2023 1554 2070 super
1573 2023 1685 2058 fundo
1704 2036 1783 2070 pre-

223 2092 289 2129 fati
306 2092 380 2128 loci
398 2091 436 2127 in
455 2091 545 2127 festo
565 2090 823 2126 penthecostes
849 2090 995 2125 nomine
1022 2090 1102 2125 albe
1124 2090 1226 2125 firme
1246 2089 1269 2124 si
1288 2096 1434 2137 petatur
1453 2096 1592 2126 tantum
1613 2112 1620 2119 ·
1641 2091 1782 2138 prouiso

223 2160 431 2197 omnimodo
458 2160 556 2208 quod
582 2159 650 2195 hec
669 2159 815 2206 presens
835 2158 982 2193 donatio
1009 2163 1045 2193 et
1067 2156 1249 2204 dispositio
1271 2157 1451 2204 preposito
1476 2163 1511 2193 et
1532 2158 1782 2205 prebendariis

224 2229 318 2265 diae
337 2227 487 2265 ecclesie
515 2227 706 2274 collegiate
733 2226 834 2261 iuxta
859 2226 1015 2273 ipsorum
1043 2225 1301 2260 infeofamenta
1325 2224 1403 2260 iura
1421 2230 1457 2260 et
1474 2225 1687 2260 donationes
1705 2231 1782 2261 tan-

225 2303 347 2333 torum
374 2308 576 2344 pauperum
603 2299 816 2330 vocatorum
845 2293 954 2340 vulgo
979 2293 1139 2328 beidmen
1170 2292 1207 2327 iu
1236 2292 1329 2327 diuo
1357 2292 1522 2339 hospitali
1551 2298 1678 2328 vocato
1703 2293 1782 2329 lee

235 2365 394 2402 Trinitie
411 2364 596 2412 Hospitale
613 2362 776 2410 predieto
796 2373 892 2396 nunc
911 2360 1110 2396 locatorum
1130 2365 1165 2395 et
1181 2360 1388 2395 dotatorum
1406 2360 1601 2395 seeundum
1617 2366 1779 2396 tenorem

225 2433 420 2470 ereffionis
435 2433 588 2480 desuper
602 2431 693 2467 fa&e
708 2429 855 2465 minime
873 2428 1077 2476 preiudicet
1092 2449 1098 2456 -
1112 2427 1155 2463 In
1171 2427 1273 2462 cuius
1289 2427 1343 2462 rei
1361 2426 1590 2463 testimonum
1604 2427 1689 2463 huic
1703 2440 1781 2476 pre-
