2147 2964
338 281 408 317 1436
634 279 952 317 REGISTRUM
980 279 1234 317 ECCLESIE
1264 280 1605 318 COLLEGIATE

340 453 576 506 COMPOTUM
601 468 766 516 magistri
791 467 984 504 Michaelis
1013 467 1114 502 Lech
1144 476 1179 504 et
1207 469 1346 504 domini
1368 468 1545 504 willelmi
1575 468 1737 516 Tempill
1764 469 1916 516 preben-

337 538 523 574 dariorum
537 544 572 574 et
586 538 820 574 collectorum
837 537 986 572 ecclesie
1003 536 1195 584 collegiate
1213 536 1345 573 Sancte
1359 536 1556 572 Trinitatis
1569 550 1683 585 prope
1699 537 1916 585 Edinburgh

335 620 401 655 per
428 620 489 642 eos
521 613 754 654 receptorum
783 607 828 641 de
857 606 1033 641 fruffibus
1063 605 1218 640 1·e&orie
1246 606 1291 640 de
1311 605 1499 653 Kyrkwrd
1519 611 1554 641 et
1575 606 1740 641 terminis
1761 606 1916 641 Penthe-

335 676 450 711 costes
467 682 503 711 et
522 675 645 712 saneti
660 675 815 711 Martini
836 675 873 710 in
893 688 990 710 anuo
1011 674 1161 709 Domini
1182 673 1370 709 millesimo
1391 674 1679 721 quingentesimo
1700 675 1916 710 duodecimo

338 747 471 782 facium
508 745 606 792 apud
642 744 777 780 dictum
813 744 968 792 burgum
1008 742 1178 778 vicesimo
1212 742 1370 777 secundo
1403 742 1534 778 mensis
1568 742 1792 779 Nouembris
1820 757 1917 779 anno

337 814 488 849 Domini
508 826 579 861 quo
600 813 707 860 supra
726 812 770 848 ab
790 811 916 847 vltimo
936 817 1105 859 compoto
1134 823 1198 858 per
1217 811 1408 846 Andrean]
1431 810 1674 847 Sandelandis
1695 824 1817 848 coram
1837 825 1917 859 pre-

336 882 451 930 posito
465 889 500 919 et
515 881 770 930 prebendariis
789 880 934 916 reddito
954 880 1157 927 penultimo
1179 880 1237 915 die
1253 879 1424 915 Januarii
1443 893 1540 916 anno
1555 880 1707 916 Domini
1728 881 1916 916 millesimo

336 950 627 1000 quingentesimo
647 950 853 986 vndecimo.

336 1015 381 1051 In
408 1015 534 1063 primis
561 1019 716 1049 onerant
742 1014 777 1048 se
803 1017 1059 1059 computantes
1083 1023 1163 1045 cum
1186 1017 1265 1046 octo
1285 1010 1388 1045 libris
1408 1011 1534 1046 decem
1555 1011 1676 1046 solidis
1696 1012 1917 1047 restantibus

339 1086 374 1119 in
402 1083 570 1118 manibus
590 1081 677 1117 difiti
697 1080 848 1116 Andree
870 1078 1115 1116 Sandelandis
1135 1101 1142 1107 ·
1163 1078 1211 1113 Et
1230 1085 1386 1113 onerant
1410 1079 1442 1114 se
1463 1092 1544 1114 cum
1573 1080 1819 1128 quadraginta
1838 1082 1917 1115 oao

338 1152 441 1188 libris
461 1152 506 1186 de
525 1151 664 1186 duobus
693 1149 867 1197 predictis
895 1147 1061 1184 terminis
1090 1147 1262 1182 videlicet
1282 1146 1543 1183 Penthecostes
1563 1155 1598 1183 et
1620 1147 1740 1184 Sanffi
1764 1148 1917 1184 Martini

338 1222 375 1257 in
395 1232 492 1256 anno
510 1218 664 1254 Domini
683 1222 731 1253 m⁰
752 1222 784 1251 ΥΟ
804 1216 1041 1252 duodecimo.

440 1288 589 1325 Summa
607 1286 835 1321 oneracionis
854 1285 955 1319 lvili.
975 1296 1027 1318 xs.

339 1358 507 1405 Expense
535 1355 736 1392 eorundem
756 1376 763 1383 ·
784 1354 826 1388 In
856 1353 982 1400 primis
1012 1365 1079 1400 pro
1106 1365 1223 1400 cappa
1242 1352 1323 1387 alba
1345 1364 1426 1387 cum
1447 1352 1589 1399 capicio
1609 1359 1644 1387 et
1662 1353 1802 1388 sacocum
1820 1353 1920 1389 fode-

340 1435 465 1463 rature
497 1425 586 1461 xviii
599 1424 633 1459 li.
668 1423 745 1458 xiiii
759 1436 786 1458 s.
841 1422 935 1458 Item
971 1434 1037 1470 pro
1070 1421 1339 1457 reformaeione
1375 1421 1463 1456 noui
1501 1420 1623 1456 calicis
1654 1420 1693 1456 in
1726 1421 1919 1458 addicione

341 1496 450 1532 trium
472 1505 668 1529 vncearum
689 1491 833 1540 argenti
853 1490 918 1526 xlii
931 1503 959 1525 s.
1012 1489 1105 1525 Item
1126 1502 1193 1537 pro
1214 1490 1353 1525 faenum
1380 1489 1464 1524 (1ὶᾶὶὶ
1494 1489 1617 1525 calicis
1638 1489 1809 1526 videlicet
1827 1491 1919 1526 xxiii

343 1576 540 1601 vncearum
572 1561 735 1610 precium
764 1560 871 1595 vncie
899 1559 978 1594 iiis.
1011 1559 1149 1594 summa
1181 1558 1218 1593 iii
1230 1558 1268 1593 li.
1297 1558 1334 1593 ix
1348 1571 1376 1593 s.
1430 1557 1522 1593 Item
1549 1570 1616 1605 pro
1646 1570 1718 1593 vna
1734 1565 1839 1606 parte
1859 1560 1918 1595 de-

343 1631 550 1669 auracionis
570 1630 656 1665 dieti
677 1628 801 1665 calicis
827 1628 863 1663 iii
877 1628 915 1663 li.
957 1627 1048 1663 Item
1070 1627 1108 1662 in
1128 1626 1334 1662 collacione
1354 1632 1390 1662 et
1410 1627 1617 1662 refeccione
1636 1627 1721 1662 dicti
1742 1628 1918 1663 aurifabri

344 1714 403 1736 vs.
458 1699 552 1735 Item
571 1711 638 1746 pro
659 1697 837 1733 cameloto
865 1696 979 1731 rubeo
1007 1708 1073 1742 pro
1102 1695 1132 1730 le
1148 1695 1331 1739 fi'untalis
1359 1694 1530 1730 altarium
1549 1694 1711 1730 Domine
1738 1702 1775 1731 et
1795 1695 1916 1732 Sancti

344 1769 504 1817 Georgei
531 1767 608 1803 xlvi
620 1780 648 1802 s,
677 1766 741 1801 viii
754 1766 789 1801 d.
843 1764 938 1800 Item
963 1777 1031 1812 pro
1060 1764 1201 1799 duobus
1234 1762 1463 1798 candelabris
1495 1762 1595 1797 eneis
1625 1763 1798 1809 ponderis
1830 1764 1918 1799 xviii

347 1906 477 1955 quibus
503 1903 733 1952 supportabit
759 1901 899 1937 lumina
926 1901 1036 1947 vsque
1063 1900 1109 1936 ad
1127 1899 1396 1935 Penthecosten
1422 1899 1587 1946 proxime
1614 1898 1773 1934 futuram
1795 1906 1832 1935 et
1850 1899 1919 1935 hoc

348 1976 392 2011 de
411 1973 568 2010 termino
590 1971 714 2008 Sancti
734 1970 889 2006 Martini
911 1990 917 1996 -
936 1969 1030 2005 Item
1059 1968 1177 2003 eidem
1205 1967 1354 2002 domino
1372 1965 1557 2001 Willelmo
1586 1966 1625 2001 iii
1638 1966 1675 2002 li.
1704 1967 1778 2002 vis.
1809 1968 1869 2002 viii
1884 1968 1917 2002 d.

349 2050 384 2079 et
401 2043 472 2078 hoc
490 2042 536 2078 de
555 2041 713 2077 termino
730 2038 991 2075 Penthecostes
1011 2037 1252 2073 antecedente
1271 2056 1278 2062 -
1297 2035 1389 2070 Item
1409 2035 1558 2070 domino
1579 2034 1722 2071 Thome
1742 2035 1918 2071 VVatsoun

350 2113 395 2147 de
413 2111 544 2146 eisdem
563 2108 730 2145 terminis
750 2107 922 2142 videlicet
940 2104 1202 2141 Penthecostes
1229 2110 1265 2139 et
1286 2103 1408 2139 Sanffi
1427 2103 1583 2139 Martini
1601 2104 1641 2138 iii
1653 2104 1692 2138 li.
1712 2104 1748 2139 vi
1760 2117 1788 2139 s.
1808 2104 1871 2139 viii
1884 2105 1918 2139 d.

353 2181 444 2216 Item
463 2178 649 2214 Willelmo
669 2175 870 2224 Dalglesch
898 2175 943 2210 de
972 2174 1104 2209 eisdem
1131 2172 1296 2208 terminis
1315 2185 1335 2206 v
1348 2172 1384 2207 li.
1440 2171 1532 2208 Item
1550 2185 1616 2218 pro
1636 2172 1919 2218 quatuordecem

352 2249 446 2296 bigis
463 2247 625 2295 lapidum
644 2246 711 2282 xlii
723 2258 750 2280 s,
796 2244 890 2280 Item
909 2256 976 2291 pro
992 2248 1137 2279 centum
1158 2240 1312 2277 cercinis
1332 2240 1445 2276 sabuli
1465 2253 1510 2275 xv
1523 2252 1552 2275 s.
1605 2239 1698 2275 Item
1717 2239 1755 2274 in
1773 2240 1922 2275 minutis

356 2316 459 2351 xiiis.
511 2315 605 2350 Item
633 2313 782 2349 domino
809 2311 933 2347 nostro
960 2310 1039 2358 regi
1066 2321 1133 2357 pro
1159 2315 1245 2345 taxa
1271 2308 1419 2344 dimidia
1445 2309 1489 2343 de
1506 2307 1695 2355 Kyrkwrd
1714 2307 1796 2342 vili.
1817 2307 1920 2343 xiiis.

357 2383 411 2418 iiii
423 2382 458 2418 d.
511 2382 603 2417 Item
622 2394 689 2429 pro
709 2382 740 2417 le
753 2381 912 2429 ponting
930 2380 975 2415 de
994 2378 1182 2426 Kyrkwrd
1200 2377 1237 2412 in
1257 2377 1424 2412 omnibus
1443 2375 1518 2411 xiiii
1532 2388 1559 2410 s.
