2147 2964
518 312 727 350 SANCTE
756 312 1075 350 TRINITATIS
1102 313 1174 349 DE
1201 313 1534 353 EDINBURGH.
1765 324 1811 356 83

238 411 332 447 Item
351 424 481 448 nouem
500 413 670 448 denarios
689 413 727 448 in
747 413 961 448 Hadintoun
987 412 1032 448 de
1058 417 1157 448 terra
1175 413 1411 462 Keringtoun
1431 437 1437 444 ·
1459 415 1552 452 Item
1572 416 1808 454 Mercerland

237 493 368 516 nouem
385 480 554 516 denarios
573 502 581 510 ·
602 482 695 516 Item
714 481 866 516 solidum
886 486 923 516 et
940 480 1031 516 duos
1051 493 1208 528 capones
1227 482 1265 517 in
1286 483 1372 519 villa
1390 483 1624 521 Dunkanlaw
1644 487 1689 523 de
1709 493 1808 524 terra

236 546 393 584 affedata
425 561 492 595 pro
524 548 629 584 firma
654 568 661 575 ·
689 547 781 584 Item
811 561 858 584 xv
870 561 897 583 s.
927 548 1040 584 annui
1066 549 1231 584 redditus
1257 550 1295 585 in
1336 550 1641 601 Quhittinghame
1674 577 1680 582 -
1714 555 1807 592 Item

237 616 294 652 lex
326 616 457 652 solidos
489 623 525 652 et
556 616 618 651 viii
634 617 669 651 d.
701 617 746 652 de
778 622 878 652 terra
912 616 1056 652 iacente
1092 617 1128 652 in
1160 617 1357 666 Langtoun
1389 620 1547 657 ass'edata
1577 635 1644 669 pro
1676 624 1807 660 firma·

236 683 328 719 Item
350 684 424 719 vis.
446 683 504 719 viii
517 685 552 719 d.
572 684 617 719 de
637 684 725 719 villa
750 685 796 720 de
823 683 929 720 Duns
956 684 1002 720 de
1030 690 1129 720 terra
1156 687 1314 722 affedata
1340 700 1407 735 pro
1425 689 1531 724 firma
1548 710 1556 717 ·
1576 690 1669 726 Item
1688 692 1765 727 xiiii
1779 706 1806 728 S.

235 753 272 787 in
300 752 481 788 Maxtoun
508 765 575 800 pro
602 753 707 788 firma
733 774 740 781 -
770 752 862 789 Item
891 765 954 788 xs.
982 752 1020 788 in
1049 752 1184 789 Hawik
1211 767 1278 802 pro
1305 755 1411 791 firma
1433 778 1440 785 ·
1467 756 1559 793 Item
1587 758 1653 794 iis.
1682 761 1803 796 xxiiir‘

235 833 393 868 capones
412 820 448 856 in
468 820 732 857 Innerlethane
750 833 817 868 pro
833 820 939 856 firma
957 843 964 849 -
986 821 1079 857 Item
1098 822 1261 870 quinque
1280 824 1413 859 solidos
1440 825 1478 860 in
1499 826 1586 862 villa
1604 827 1649 863 de
1671 828 1807 865 North-

234 889 371 925 berwik
401 890 514 925 annui
541 889 706 925 redditus
733 889 778 925 de
805 894 905 925 terra
932 889 977 925 de
1005 890 1256 927 Richardsone
1276 913 1283 921 -
1302 891 1395 928 Item
1421 905 1440 927 v
1457 906 1484 928 s.
1513 893 1550 929 in
1575 896 1702 931 eadem
1724 898 1809 932 villa

235 959 280 994 de
304 965 405 995 terra
430 959 569 994 domini
598 959 643 994 de
670 958 867 1006 Langtoun
895 959 1009 994 annui
1037 959 1202 995 redditus
1222 983 1229 990 -
1249 959 1344 996 Item
1370 974 1430 996 vs.
1459 962 1496 997 in
1523 962 1610 999 villa
1633 963 1807 1001 Elastoun

235 1028 346 1063 annui
378 1028 543 1064 redditus
562 1048 569 1054 ·
588 1027 682 1064 Item
711 1040 771 1062 vs.
803 1027 841 1062 in
871 1027 1093 1063 Dechmond
1124 1029 1237 1064 annui
1264 1029 1430 1065 redditus
1456 1030 1577 1066 -Item
1607 1045 1666 1068 vs.
1696 1036 1807 1070 annui

236 1097 399 1133 redditus
426 1097 464 1133 in
491 1096 658 1133 Ouchtre
677 1117 684 1124 ·
703 1096 796 1132 Item
825 1096 925 1132 xiiis.
953 1096 1056 1132 iiiid.
1082 1097 1193 1133 annui
1221 1098 1388 1134 redditus
1414 1098 1452 1134 in
1481 1099 1568 1135 villa
1594 1101 1639 1136 de
1667 1101 1806 1138 Perth.

236 1165 328 1202 Item
364 1167 454 1202 duas
490 1179 594 1201 acras
630 1172 810 1207 terrarum
849 1165 1066 1214 pariformes
1103 1166 1140 1201 in
1178 1166 1345 1202 omnibus
1380 1167 1616 1215 hospitalibus
1650 1170 1808 1206 culariis¹

234 1236 280 1271 de
315 1235 437 1271 Soltra
465 1255 471 1262 ·
502 1235 594 1270 Item
628 1235 779 1271 terciam
812 1241 953 1282 partem
985 1235 1182 1282 garbarum
1213 1235 1447 1271 decimalium
1478 1237 1523 1272 de
1553 1237 1808 1276 Broderstanis

236 1310 272 1338 et
299 1303 469 1339 Gilstoun
498 1303 678 1339 Inferiore
706 1310 742 1339 et
770 1303 967 1351 Superiore
994 1304 1067 1339 duo
1095 1303 1126 1338 le
1142 1305 1307 1351 sowmys
1334 1310 1370 1339 ct
1399 1305 1547 1341 domum
1575 1319 1683 1353 quam
1711 1309 1806 1345 idem

237 1372 405 1407 dominus
424 1371 615 1407 Johannes
642 1372 779 1407 locauit
806 1384 888 1407 cum
912 1377 993 1407 orto
1012 1371 1131 1407 eidem
1159 1384 1326 1407 connexo
1345 1372 1462 1408 libero
1481 1373 1633 1411 introitu
1653 1383 1689 1412 et
1708 1378 1806 1413 exitu

238 1440 283 1474 ad
313 1452 539 1475 communem
567 1440 752 1487 pasturam
781 1452 848 1487 pro
875 1440 956 1475 foco
984 1445 1019 1475 et
1047 1439 1118 1474 foci
1146 1439 1318 1475 alimento
1338 1462 1346 1469 ·
1367 1440 1425 1476 Ac
1450 1441 1564 1477 eciam
1593 1443 1805 1481 clericatum

237 1508 484 1555 parochialem
516 1509 561 1543 de
595 1507 716 1544 Soltra
747 1520 830 1544 cum
862 1507 1030 1544 omnibus
1064 1509 1236 1556 proficuis
1269 1516 1305 1545 et
1336 1510 1602 1548 incumbenciis
1630 1535 1637 1542 ·
1665 1516 1805 1562 prefato

237 1577 384 1611 domiuo
411 1576 583 1612 Johanne
610 1576 832 1612 sustentante
860 1589 970 1612 vnum
1000 1577 1203 1613 ministrum
1231 1578 1396 1626 expensis
1422 1580 1493 1615 suis
1525 1593 1630 1627 quem
1662 1583 1805 1631 elegere

239 1644 393 1679 voluerit
421 1645 467 1680 ad
494 1644 770 1681 ministrandum
799 1645 836 1680 in
864 1645 1039 1681 clericatu
1066 1645 1216 1682 honeste
1241 1647 1472 1694 parochianis
1491 1649 1536 1684 (le
1557 1649 1679 1686 Soltra
1697 1672 1704 1679 ·
1723 1665 1805 1688 cum

237 1725 351 1759 paruo
370 1719 450 1749 orto
479 1713 608 1749 fituato
636 1713 682 1749 ad
708 1713 892 1761 gabellum
920 1713 1098 1750 orientale
1118 1715 1212 1751 diae
1240 1716 1390 1752 ecclefie
1410 1717 1454 1752 de
1474 1716 1596 1754 Soltra
1615 1740 1620 1746 -
1640 1720 1687 1755 Et
1707 1723 1804 1768 quod

236 1781 437 1828 prepositus
456 1782 540 1817 dicei
561 1781 705 1829 collegii
725 1781 787 1829 qui
814 1770 880 1829 pro
908 1788 1069 1830 tempore
1088 1783 1199 1819 fuerit
1216 1783 1427 1820 sustentabit
1446 1793 1662 1823 ornamenta
1681 1789 1804 1825 altaris

237 1862 317 1884 cum
345 1862 440 1896 pane
468 1856 504 1885 et
523 1850 609 1885 vino
637 1849 706 1885 suis
733 1850 897 1897 expensis
925 1850 1109 1898 perpetuis
1135 1851 1267 1887 futuris
1294 1851 1542 1900 temporibus'-
1561 1854 1634 1890 Pro
1661 1858 1803 1904 quibus-

236 1918 385 1964 quidem
405 1918 536 1953 annuis
555 1918 760 1954 redditibus
787 1918 900 1954 firmis
924 1932 966 1954 ac
991 1919 1070 1954 aliis
1090 1925 1126 1955 et
1145 1918 1292 1967 singulis
1315 1920 1477 1968 superius
1497 1923 1705 1970 express'atis
1724 1939 1803 1973 pre-

235 1986 330 2021 fatus
350 1986 517 2021 dominus
536 1985 726 2021 Johannes
746 1985 884 2034 Fyldar
902 1987 1069 2022 nouellus
1096 1987 1219 2023 noster
1248 1989 1458 2036 capellanus
1486 1991 1530 2026 de
1552 1990 1674 2028 Soltra
1698 2002 1733 2030 et
1752 1997 1801 2030 sui

237 2053 450 2089 successores
477 2054 702 2101 personalem
730 2066 796 2101 per
815 2055 849 2090 se
869 2060 904 2090 et
923 2067 995 2089 non
1024 2068 1088 2101 per
1115 2056 1225 2091 alium
1254 2057 1463 2093 continuam
1491 2058 1625 2096 facient
1648 2062 1802 2098 residen-

236 2122 329 2157 ciam
349 2122 446 2169 apud
465 2122 595 2157 dictam
617 2122 804 2158 ecclefiam
824 2123 868 2158 dc
894 2121 1015 2158 Soltra
1042 2136 1149 2170 quem
1168 2123 1192 2158 fi
1211 2137 1276 2171 per
1295 2125 1504 2171 quindecim
1524 2127 1600 2164 dies
1618 2130 1801 2168 absentem

236 2190 408 2225 continue
435 2190 695 2225 illicenciatum
722 2190 939 2237 recipiemus
966 2190 1075 2239 ipsam
1102 2192 1281 2239 prefatam
1309 2194 1548 2240 capellaniam
1568 2197 1698 2245 absque
1719 2199 1802 2235 stre—

236 2257 314 2304 pitu
343 2264 379 2293 et
408 2258 525 2305 figura
551 2257 676 2293 iudicii
711 2258 875 2294 volumus
904 2259 949 2294 de
978 2259 1072 2294 facto
1101 2272 1231 2296 vacare
1259 2266 1295 2296 et
1314 2274 1357 2297 eo
1377 2262 1460 2298 casu
1487 2263 1598 2299 alium
1627 2266 1801 2305 inducere

236 2330 270 2360 et
306 2325 505 2361 huiusmodi
547 2325 786 2373 capellaniam
824 2326 929 2362 alteri
964 2327 1131 2363 conferre
1159 2350 1166 2356 -
1201 2327 1423 2376 Quiquidem
1461 2332 1669 2379 capellanus
1715 2350 1801 2383 quo-

555 2468 559 2481 ¹
575 2467 722 2499 Apparently
736 2478 749 2492 a
762 2468 862 2492 mismke
875 2468 908 2492 for
920 2477 971 2493 cum
982 2470 1091 2493 omnibus
1103 2469 1276 2501 hospitalariis,
1312 2472 1356 2497 See
1368 2472 1413 2497 No.
1427 2476 1462 2498 32.
