2147 2964
330 291 351 323 8
794 287 1114 325 REGISTRUM
1143 288 1445 327 CARTARUM

333 463 447 500 Carta
465 461 618 498 Ricardi
637 462 702 497 filii
723 461 917 498 Michaelis
936 462 981 497 de
1001 461 1109 497 terris
1128 462 1173 497 de
1192 461 1379 498 Paistoun.

332 563 539 617 Vniuerfis
567 578 686 615 sanae
710 578 835 615 matris
861 578 1010 614 ecclefie
1038 579 1123 614 filiis
1142 579 1324 617 Ricardus
1351 582 1446 617 filius
1467 582 1660 619 Michaelis
1680 584 1912 632 expensarius

335 648 475 684 domini
493 648 590 696 regis
607 648 787 684 Willelmi
806 648 959 684 salutem
979 670 986 677 ·
1009 648 1136 685 Sciant
1153 651 1339 698 presentes
1359 658 1395 687 et
1413 652 1526 688 futuri
1545 666 1602 689 me
1622 654 1747 690 diuine
1766 654 1913 702 pietatis

334 717 470 753 intuitu
499 723 535 753 et
563 729 631 764 pro
660 717 772 752 salute
800 717 938 752 domini
968 717 1041 753 mei
1070 719 1168 766 regis
1188 718 1367 755 Willelmi
1397 726 1433 756 et
1464 721 1671 757 Alexandri
1700 723 1765 758 filii
1797 723 1848 758 sui
1878 729 1913 758 et

335 786 535 821 liberorum
553 785 699 821 suorum
720 791 756 821 et
774 798 841 833 pro
860 785 974 822 salute
1003 787 1100 834 regis
1130 787 1255 824 Dauid
1285 795 1320 825 et
1349 790 1446 837 regis
1472 790 1662 827 Malcolmi
1688 798 1724 828 et
1751 791 1913 827 omnium

335 853 598 890 antecessorum
616 860 652 889 et
669 853 907 889 successorum
929 854 1073 889 suorum
1104 861 1140 890 et
1166 868 1234 902 pro
1257 856 1369 893 salute
1396 858 1517 894 anime
1536 872 1616 895 mee
1637 865 1672 895 et
1690 860 1816 907 sponse
1835 871 1913 895 mee

336 929 372 958 et
390 923 590 958 liberorum
609 935 775 957 meorum
795 922 929 958 dedisse
949 929 985 958 et
1005 923 1207 959 eonceffiffe
1226 930 1262 960 et
1279 925 1349 961 hac
1369 932 1470 962 carta
1489 940 1571 963 mea
1590 927 1815 964 confirmasse
1830 927 1913 964 Deo

337 997 372 1027 et
400 991 569 1038 hospitali
600 991 645 1026 de
675 990 796 1027 Soltre
825 997 861 1027 et
889 991 1064 1027 fratribus
1091 992 1229 1028 ibidem
1257 992 1340 1029 Deo
1368 995 1611 1031 seruientibus
1639 1002 1751 1032 totam
1777 1003 1913 1033 terram

336 1060 436 1095 illam
455 1059 493 1095 in
512 1059 699 1095 territorio
720 1059 765 1095 de
784 1059 957 1095 Paistoun
987 1073 1057 1107 que
1084 1073 1164 1096 mea
1190 1061 1259 1097 fuit
1287 1068 1323 1098 et
1350 1076 1458 1110 quam
1487 1063 1549 1099 eiis
1577 1065 1665 1100 dare
1688 1067 1790 1113 potui
1818 1066 1914 1101 infra

338 1129 403 1164 has
433 1129 564 1164 diuisas
593 1127 812 1176 subscriptas
842 1128 979 1164 scilicet
1010 1142 1076 1176 per
1103 1130 1243 1178 regiam
1269 1131 1365 1167 viam
1390 1145 1460 1179 que
1480 1133 1576 1169 iacet
1601 1134 1697 1170 inter
1716 1141 1851 1170 terram
1870 1136 1914 1171 de

339 1197 552 1234 Creehtoun
572 1202 607 1232 et
624 1195 783 1232 Pastoun
805 1197 927 1232 versus
952 1198 1179 1234 occidentem
1206 1206 1242 1235 et
1269 1213 1289 1234 a
1316 1201 1420 1249 regia
1438 1202 1499 1237 via
1516 1215 1583 1249 per
1601 1203 1735 1239 diuisas
1755 1210 1852 1240 terre
1870 1205 1914 1240 de

339 1265 573 1314 Cranystoun
593 1271 628 1300 et
647 1265 821 1301 Paistoun
850 1266 973 1300 versus
1001 1266 1209 1312 aquilonem
1237 1269 1431 1305 tendentes
1459 1271 1580 1306 versus
1607 1272 1788 1308 orientem
1807 1274 1914 1321 Vsque

338 1334 512 1382 Blakdyk
531 1347 601 1381 que
621 1333 739 1369 tendit
758 1334 881 1369 versus
904 1333 1065 1369 austrum
1086 1336 1195 1382 vsque
1223 1338 1406 1383 quandam
1435 1339 1598 1375 semitam
1618 1353 1687 1387 que
1708 1354 1728 1376 a
1748 1341 1915 1390 Blacdyk

338 1403 549 1439 extenditur
576 1401 699 1438 versus
729 1401 957 1437 occidentem
989 1402 1097 1450 vsque
1128 1403 1340 1453 WVayngate
1372 1412 1408 1442 et
1434 1419 1501 1454 per
1525 1408 1659 1444 diuisas
1691 1422 1762 1456 que
1794 1410 1916 1447 iacent

337 1473 435 1507 inter
454 1478 589 1507 terram
610 1470 771 1518 Philippi
791 1469 964 1506 Marseell
991 1477 1027 1506 et
1054 1477 1190 1507 terram
1219 1474 1264 1509 de
1284 1473 1457 1511 Paistoun
1486 1489 1508 1512 a
1533 1484 1638 1524 parte
1666 1478 1814 1514 australi
1834 1492 1915 1515 cum

338 1540 521 1576 communi
549 1538 697 1586 pastura
724 1539 885 1574 eiusdem
913 1539 999 1575 ville
1027 1540 1072 1575 de
1091 1540 1265 1577 Paistoun
1289 1550 1325 1579 et
1350 1546 1534 1581 communi
1562 1546 1784 1594 ayfiamento
1804 1560 1916 1595 quan«

337 1617 413 1645 tum
438 1608 600 1657 pertinet
631 1607 708 1663 [ad]
740 1620 849 1643 vnam
878 1614 1087 1644 carucatam
1115 1615 1213 1646 terre
1232 1631 1239 1638 ·
1261 1611 1478 1649 Tenendam
1506 1615 1552 1650 de
1579 1628 1637 1651 me
1665 1622 1701 1651 et
1719 1616 1916 1653 heredibus

330 1678 421 1714 meis
441 1678 479 1713 in
501 1677 656 1712 liberam
677 1682 712 1712 et
728 1689 858 1724 puram
877 1681 913 1712 et
932 1683 1147 1724 perpetuam
1167 1679 1391 1716 elimosinam
1417 1682 1532 1718 libere
1556 1684 1719 1731 plenarie
1740 1691 1775 1720 et
1794 1686 1916 1732 quiete

338 1748 383 1783 ab
403 1746 500 1782 omni
521 1746 677 1781 seruicio
697 1745 852 1781 seculari
872 1751 908 1781 et
928 1747 1190 1783 consuetudine
1210 1754 1246 1784 et
1265 1749 1461 1786 exaccione
1478 1750 1570 1786 ficut
1588 1752 1710 1799 aliqua
1729 1753 1914 1790 elimosina

338 1816 376 1851 in
395 1828 511 1863 regno
533 1814 662 1851 Scocie
689 1814 839 1850 liberius
867 1820 903 1850 et
931 1815 1094 1862 quiecius
1122 1822 1158 1851 et
1183 1815 1492 1854 honorificencius
1512 1820 1620 1856 datur
1640 1820 1698 1856 vel
1716 1820 1915 1868 poffidetur

340 1884 403 1919 nisi
432 1883 530 1931 quod
555 1882 710 1931 predicti
737 1882 870 1917 fratres
897 1882 942 1918 de
973 1882 1092 1919 Soltre
1120 1883 1346 1921 sustinebunt
1374 1899 1483 1921 vnum
1511 1888 1740 1935 capellanum
1770 1889 1807 1924 in
1834 1903 1915 1938 pre-

339 1953 436 1988 dicta
463 1951 650 1987 elimofina
674 1951 711 1986 in
731 1951 839 1986 domo
865 1951 909 1986 de
935 1949 1055 1986 Soltre
1080 1951 1143 1999 qui
1169 1952 1439 2001 imperpetuum
1461 1955 1661 1992 celebrabit
1679 1970 1746 2004 pro
1767 1958 1859 1994 viuis
1879 1966 1914 1995 et

338 2021 518 2057 defunctis
547 2026 583 2056 et
611 2021 753 2055 duobus
783 2020 958 2055 fratribus
994 2020 1187 2058 inuenient
1214 2022 1349 2058 vietum
1385 2029 1422 2059 et
1450 2023 1616 2060 vestitum
1638 2044 1645 2052 ·
1667 2025 1737 2061 hiis
1766 2026 1914 2064 testibus

339 2090 488 2125 domino
507 2088 695 2125 Willelmo
715 2088 760 2124 de
780 2088 896 2124 Bosco
924 2088 1098 2136 magistro
1126 2089 1290 2126 Martino
1322 2091 1464 2127 medico
1485 2091 1630 2128 Thoma
1648 2093 1782 2130 clerico
1803 2095 1914 2131 Helia

340 2157 535 2194 senescallo
556 2156 784 2205 Cospatricio
809 2157 854 2192 de
885 2155 1094 2194 Sauchueld
1113 2157 1281 2195 Waltero
1306 2159 1379 2195 filio
1407 2160 1603 2196 sacerdotis
1628 2168 1663 2198 et
1686 2162 1760 2198 filio
1785 2163 1860 2199 eius
1880 2171 1914 2199 et

341 2226 432 2262 aliis.
