2147 2964
228 2305 285 2339 26.

324 286 369 318 2¹.)
787 275 1103 314 REGISTRUM
1133 273 1436 312 CARTARUM

326 468 440 504 Carta
459 466 672 503 donacionis
693 465 843 501 ecclesie
863 465 908 500 de
927 462 1154 512 Lympetlaw
1174 474 1240 509 per
1260 461 1460 497 Ricardum
1482 460 1684 508 Germyne.

239 597 266 627 '.
329 576 525 632 Omnibus
553 591 671 626 sanae
698 589 826 626 matris
853 587 1003 624 ecclesie
1030 587 1114 623 filiis
1141 588 1187 623 ad
1215 600 1305 634 quos
1332 588 1479 636 presens
1499 586 1668 633 scriptum
1688 583 1900 633 peruenerit

327 661 508 698 Ricardus
527 660 715 707 Germyne
743 658 895 694 salutem
917 677 924 684 ·
944 657 1104 692 Nouerit
1132 655 1346 691 vniuerfitas
1374 655 1493 691 vestra
1519 668 1577 690 me
1605 655 1729 690 diuine
1755 654 1902 702 pietatis

326 730 463 765 intuitu
481 742 548 777 pro
567 728 681 764 salute
701 727 903 763 Alexandri
932 725 1028 774 regis
1056 725 1184 762 Scocie
1213 732 1249 761 et
1275 725 1451 761 heredum
1478 725 1621 759 suorum
1640 730 1676 759 et
1694 736 1760 771 pro
1781 723 1902 758 anima

327 799 424 847 regis
445 797 623 833 Willelmi
643 803 677 832 et
697 809 764 844 pro
784 796 906 831 anima
924 807 1006 830 mea
1025 801 1060 830 et
1078 807 1146 842 pro
1166 794 1287 829 anima
1305 793 1516 841 Mergarete
1536 792 1658 827 vxoris
1683 804 1762 826 mee
1782 796 1818 826 et
1836 803 1902 837 pro

328 867 518 902 animabus
535 871 680 913 patrum
700 870 736 900 et
754 870 909 899 matrum
929 869 965 899 et
990 863 1150 898 omnium
1171 861 1434 898 antecessorum
1454 867 1490 896 et
1508 860 1744 896 successorum
1766 859 1904 894 nostro—

329 949 410 971 rum
430 933 561 970 dedisse
590 932 791 969 concessisse
820 939 856 968 et
882 932 951 967 hac
978 931 1137 979 presenti
1158 936 1260 966 carta
1278 942 1360 964 mea
1379 927 1603 964 confirmasse
1622 928 1705 963 Deo
1725 934 1761 963 et
1780 927 1902 962 domui

332 1004 463 1040 Sanfi'oe
484 1002 679 1038 Trinitatis
707 1002 752 1037 de
782 1000 903 1037 Soltre
930 1006 965 1036 et
992 1000 1167 1036 fratribus
1193 998 1328 1033 ibidem
1351 997 1433 1032 Deo
1457 996 1698 1032 seruientibus
1718 1002 1753 1031 et
1772 996 1904 1043 imper-

329 1080 480 1122 petuum
510 1071 700 1108 seruituris
731 1070 768 1105 in
801 1082 930 1117 puram
963 1075 998 1104 et
1029 1074 1241 1116 perpetuam
1275 1065 1495 1101 elimosinam
1525 1066 1571 1101 ad
1600 1065 1903 1101 sustentacionem

315 1142 489 1178 ·eiusde1n
517 1141 645 1175 domus
672 1145 709 1175 et
734 1151 936 1186 pauperum
965 1144 1000 1173 et
1027 1136 1306 1184 peregrinorum
1334 1134 1469 1169 ibidem
1493 1133 1760 1170 confluencium
1781 1146 1904 1180 recep-

333 1211 475 1246 cionem
497 1208 686 1244 ecclesiam
706 1208 750 1243 de
770 1206 985 1254 Limpetlaw
1007 1205 1169 1240 totaliter
1196 1210 1232 1239 et
1258 1203 1489 1251 integraliter
1509 1216 1590 1238 cum
1611 1203 1778 1238 omnibus
1797 1204 1905 1238 terris

332 1285 368 1315 et
387 1278 538 1314 decimis
556 1275 825 1324 pofl'eflionibus
843 1273 1131 1309 obuencionibus
1150 1278 1186 1308 et
1205 1271 1373 1306 omnibus
1393 1271 1474 1306 aliis
1499 1271 1545 1306 ad
1565 1270 1697 1306 di&am
1717 1271 1904 1306 ecclesiam

332 1345 603 1394 pertinentibus
622 1364 629 1371 ·
648 1343 746 1378 Volo
774 1349 895 1378 autem
924 1347 962 1376 vt
988 1341 1121 1376 fratres
1148 1339 1309 1387 predicte
1337 1339 1465 1374 domus
1492 1339 1625 1374 didam
1653 1338 1840 1374 ecclesiam
1868 1339 1904 1374 in

333 1427 462 1463 puram
495 1420 531 1449 et
562 1417 777 1460 perpetuam
811 1409 1032 1445 elimosinam
1065 1409 1156 1444 adeo
1188 1407 1302 1442 libere
1337 1407 1459 1454 quiete
1491 1407 1656 1454 plenarie
1688 1407 1839 1454 pacifice
1872 1415 1907 1442 et

333 1482 533 1518 honorifice
554 1481 820 1528 imperpetuum
849 1483 999 1514 teneant
1026 1484 1062 1512 et
1088 1476 1291 1524 poffideant
1320 1476 1409 1512 ficut
1436 1476 1559 1523 aliqua
1586 1475 1739 1511 ecclefia
1762 1476 1799 1511 in
1820 1476 1906 1524 epis-

335 1557 468 1598 copatu
495 1547 709 1596 Glasguenfi
736 1547 887 1583 liberius
915 1545 1079 1593 quiecius
1106 1545 1291 1593 plenarius
1317 1545 1576 1592 pacificencius
1604 1550 1639 1579 et
1665 1544 1907 1580 honorificen-

336 1619 412 1654 cius
439 1623 586 1653 tenetur
614 1616 672 1651 vel
698 1614 895 1663 possidetur
914 1635 922 1643 ·
942 1613 995 1649 Vt
1014 1619 1133 1649 autem
1162 1614 1230 1649 hec
1255 1614 1412 1649 donacio
1439 1626 1520 1648 mea
1547 1619 1582 1648 et
1605 1612 1782 1648 conceffio
1801 1613 1905 1649 firma

334 1687 470 1723 stabilis
485 1687 601 1722 eciam
616 1684 870 1720 irreuocabilis
888 1689 1103 1730 permaneat
1121 1683 1269 1729 presens
1286 1682 1460 1729 scriptum
1474 1681 1581 1729 sigilli
1599 1681 1670 1715 mei
1687 1681 1906 1728 appensione

336 1757 507 1792 roboraui
520 1775 527 1782 ·
546 1755 616 1790 hiis
635 1753 786 1789 testibus
806 1751 952 1787 domino
974 1751 1160 1786 Herberto
1180 1751 1310 1786 abbate
1330 1750 1375 1785 de
1390 1749 1541 1785 Kelcow
1561 1748 1732 1796 magistro
1746 1749 1906 1797 Hugone

335 1824 596 1860 archidiacono
618 1820 830 1868 Glasguenfi
857 1819 1030 1867 magistro
1050 1818 1236 1854 Willelmo
1264 1818 1308 1853 de
1338 1816 1515 1865 Grynlaw
1535 1817 1683 1852 domino
1711 1817 1906 1864 Radulpho

337 1893 526 1940 capellano
546 1890 685 1926 domini
712 1889 810 1937 regis
837 1887 1011 1935 magistro
1036 1887 1197 1922 Ricardo
1225 1886 1270 1921 de
1297 1885 1459 1920 Dervale
1487 1885 1635 1920 domino
1662 1884 1834 1932 Philippo
1861 1886 1906 1921 de

338 1961 520 2008 Moubray
535 1959 682 1995 domino
702 1958 849 2005 Rogero
868 1956 943 1991 filio
963 1955 1121 1991 eiusdem
1139 1953 1345 2002 Reginaldo
1365 1954 1409 1994 de
1422 1953 1580 1988 Havden
1601 1953 1749 1988 domino
1763 1953 1906 1989 Thoma

338 2031 382 2065 de
402 2027 645 2065 Normanvile
665 2033 700 2062 et
718 2025 842 2061 multis
861 2024 954 2060 aliis.

342 2189 455 2225 Carta
474 2187 632 2224 Mariote
652 2187 697 2221 de
715 2184 982 2233 Swaynystoun
1002 2183 1046 2219 de
1067 2182 1350 2218 confirmacione
1369 2187 1549 2217 terrarum
1569 2181 1614 2216 de
1631 2181 1906 2230 Swaynystoun.

344 2289 550 2340 Vniuerfis
581 2303 702 2339 sancte
734 2302 860 2338 matris
892 2300 1042 2336 ecclefie
1073 2299 1157 2334 filiis
1187 2299 1257 2334 hoc
1287 2299 1461 2346 scriptum
1490 2297 1616 2333 visuris
1645 2298 1703 2334 vel
1731 2299 1908 2335 audituris

346 2373 507 2410 Mariota
525 2373 569 2407 de
592 2371 856 2420 Swaynystoun
885 2369 1032 2404 salutem
1053 2388 1060 2395 ·
1081 2367 1239 2403 Nouerit
1259 2365 1471 2402 vniuerfitas
1490 2364 1608 2401 vestra
1631 2379 1687 2401 me
1707 2367 1909 2403 coneeffifl'e

348 2448 383 2477 et
400 2442 469 2477 hac
488 2440 646 2488 presenti
666 2445 767 2475 carta
786 2451 866 2474 mea
885 2435 1107 2474 confirmasse
1125 2442 1248 2484 gratas
1267 2442 1303 2471 et
1321 2441 1418 2471 ratas
1435 2435 1571 2470 habere
1590 2435 1811 2471 donaciones
1830 2436 1909 2472 illas
