2147 2964
214 1136 283 1173 199

346 302 418 334 222
654 296 973 334 REGISTRUM
1001 296 1256 334 ECCLESIE
1285 296 1626 333 COLLEGIATE

347 399 431 433 bato
451 398 608 433 secundo
636 396 803 432 instantis
822 396 847 432 J
851 397 928 432 unii
949 418 955 425 ·
973 402 1170 444 propterea
1197 396 1356 432 monitus
1383 396 1435 431 est
1462 408 1661 444 precauere
1684 401 1720 431 et
1738 394 1918 431 abstinere

347 466 383 500 in
402 466 564 500 futurum
584 478 606 500 a
624 463 730 499 fimili
749 464 894 500 defectu
921 470 957 499 et
984 464 1029 499 ab
1048 463 1146 498 omni
1175 464 1247 499 alia
1273 464 1550 512 perturbatione
1579 463 1805 500 confratrum
1831 462 1916 498 dieti

346 534 416 569 loci
436 533 499 569 sub
517 546 614 580 pena
632 533 669 568 in
690 533 784 568 disto
803 535 882 569 3ἃο
903 538 1078 568 contenta
1095 538 1204 580 prout
1223 532 1318 568 dieto
1336 532 1519 580 preposito
1540 533 1736 569 videbitur.

395 602 579 638 Dominus
603 601 806 638 GEORGms
830 601 1116 638 CLAPPERTOUN
1187 601 1368 637 Doans
1389 601 1632 638 ALEXANDER
1654 600 1825 648 magister
1843 600 1919 634 hoi-

446 670 648 718 prepofitus
1233 669 1356 716 pitalis

398 740 456 775 Ita
474 739 526 774 est
542 738 748 774 MAG1s'rER
765 738 1007 774 XVILLELMUS
1028 737 1114 774 SAL·
1184 736 1368 772 DoMmcs
1390 736 1521 772 DAum
1543 736 1622 773 SYM

446 820 554 844 nom)
574 807 800 843 subdecanus
1186 804 1370 840 Dommus
1392 804 1595 840 VILELMUS
1620 804 1839 840 YHOUNGAR

398 877 450 912 M.
471 876 634 912 MARCUS
655 876 764 911 LAMB
1182 872 1389 908 JOHANNES
1410 872 1569 912 mew

397 945 581 981 Domxus
601 944 772 980 JACOBUS
792 942 931 978 Wmm
1186 940 1236 976 M.
1256 940 1462 976 JHOANNx-:s
1484 941 1795 977 MANDERSTOUN.

522 1132 569 1139 u..

347 1201 481 1250 gesimo
509 1200 658 1248 septimo
687 1198 784 1245 apud
812 1195 1006 1243 collegium
1037 1193 1262 1230 San&iffime
1283 1192 1480 1229 Trinitatis
1499 1199 1535 1229 et
1562 1194 1600 1228 in
1627 1193 1708 1228 loco
1729 1193 1919 1241 capitulari

348 1271 505 1306 eiusdem
526 1280 648 1304 coram
675 1265 858 1314 preposito
886 1270 922 1299 et
949 1261 1203 1310 prebendariis
1231 1261 1432 1307 capitulum
1460 1274 1527 1308 pro
1552 1268 1715 1309 tempore
1734 1262 1919 1308 represen-

348 1339 508 1375 tantibus
528 1359 534 1366 ·
557 1337 640 1379 Quo
660 1336 718 1370 die
738 1335 782 1369 de
803 1332 975 1369 consensu
1003 1330 1175 1378 prepofiti
1202 1334 1238 1364 et
1262 1329 1373 1364 totius
1393 1328 1544 1376 capituli
1564 1328 1756 1364 VVilehnus
1778 1327 1921 1365 Sinclar

348 1407 511 1443 bedellus
541 1405 627 1441 dieti
660 1402 805 1450 collegii
834 1406 984 1437 vocatus
1016 1406 1052 1435 et
1081 1398 1269 1433 accusatus
1297 1404 1449 1445 propter
1477 1397 1715 1433 minationem
1745 1403 1780 1432 et
1810 1398 1922 1432 verba

348 1476 519 1511 iniuriosa
546 1473 689 1521 prolata
717 1478 752 1507 et
780 1471 874 1506 faeta
900 1468 1050 1505 domino
1070 1467 1285 1502 Alexandro
1307 1466 1517 1502 Henrisoun
1544 1467 1718 1515 magistro
1736 1467 1922 1515 hospitalis

348 1543 477 1591 prefati
506 1542 651 1590 collegii
679 1540 838 1576 monitus
866 1539 917 1574 est
946 1537 1008 1572 sub
1034 1548 1131 1583 pena
1156 1535 1374 1582 priuationis
1402 1541 1438 1570 et
1464 1535 1659 1571 amotionis
1684 1549 1705 1572 a
1722 1537 1785 1571 suo
1804 1535 1922 1571 officio

348 1612 519 1658 omnique
546 1610 701 1646 seruioio
729 1614 765 1644 et
792 1607 910 1643 officio
937 1606 975 1641 in
1003 1604 1099 1640 dieto
1127 1603 1281 1651 collegio
1310 1603 1383 1650 ipso
1412 1604 1506 1639 fatto
1525 1617 1571 1639 ne
1591 1604 1627 1639 in
1646 1604 1808 1640 futurum
1828 1604 1922 1639 dicto

349 1681 495 1716 domino
527 1678 742 1714 Alexandro
774 1674 948 1723 magistro
979 1672 1167 1721 hospitalis
1202 1677 1265 1707 aut
1301 1672 1506 1718 cuicunque
1538 1672 1645 1708 alteri
1676 1673 1922 1720 prebendario

349 1749 437 1785 dieti
457 1748 603 1796 collegii
630 1747 790 1782 minetur
811 1745 923 1780 verbo
943 1743 1000 1778 vel
1026 1742 1121 1777 faeto
1146 1741 1207 1775 seu
1227 1740 1339 1776 verba
1365 1740 1541 1776 iniuriosa
1559 1746 1594 1776 et
1612 1741 1823 1776 scandalosa
1840 1753 1922 1788 pro-

350 1820 443 1853 ferat
463 1839 469 1845 -
490 1816 588 1863 quod
621 1814 646 1850 fi
678 1814 753 1861 ipse
785 1814 845 1848 seu
876 1811 1085 1859 quicunque
1121 1808 1214 1844 alter
1249 1808 1507 1856 hospitalarius
1539 1809 1725 1857 wlgariter
1756 1809 1921 1844 beidman

350 1887 479 1923 fecerit
495 1891 529 1921 et
549 1890 679 1920 contra
697 1895 779 1918 eum
798 1881 960 1930 legitime
978 1878 1173 1927 probatum
1193 1876 1304 1911 fuerit
1323 1882 1410 1912 tunc
1426 1882 1462 1913 et
1481 1889 1524 1912 eo
1543 1876 1579 1912 in
1599 1877 1682 1912 casu
1702 1876 1748 1911 ad
1763 1875 1921 1922 quietem

352 1955 465 1991 diuini
484 1953 627 1989 seruicii
655 1952 692 1987 in
719 1950 861 1999 prefato
890 1946 1045 1995 collegio
1073 1950 1288 1981 amoueatur
1307 1945 1382 1992 ipse
1406 1951 1442 1981 et
1460 1945 1554 1981 alter
1573 1944 1781 1992 quicunque
1800 1944 1923 1980 taliter

351 2023 569 2070 delinquens
588 2027 624 2056 et
643 2020 735 2056 alter
754 2017 926 2065 pacificus
946 2021 982 2051 et
1000 2013 1173 2050 obediens
1200 2012 1412 2049 instituatur
1431 2013 1468 2048 in
1494 2014 1571 2049 eius
1596 2013 1677 2048 loco
1705 2012 1806 2048 iuxta
1823 2017 1923 2047 teno-

351 2104 426 2126 rem
458 2088 681 2125 fundationis
711 2094 748 2123 et
775 2084 953 2133 presentis
981 2095 1024 2118 ac
1051 2082 1207 2117 aliorum
1233 2082 1398 2129 priorum
1426 2083 1642 2119 statutorum
1670 2081 1742 2117 fine
1770 2081 1921 2129 strepitu

352 2158 477 2194 iudicii
497 2158 556 2193 sed
576 2162 717 2192 tantum
740 2154 839 2189 vnito
859 2151 1020 2199 capitulo
1039 2151 1085 2186 ad
1103 2150 1173 2186 hoc
1193 2157 1430 2199 congregato.

1421 2219 1604 2255 WILLIAM
1626 2218 1821 2256 SINCLAm.

221 2382 293 2413 200
356 2366 530 2418 VLTmo
558 2379 776 2415 Decembris
804 2390 900 2413 anno
919 2377 1071 2412 Domini
1099 2377 1288 2413 millefimo
1316 2371 1606 2422 quingentefimo
1625 2368 1922 2419 quinquagesimo

360 2453 486 2485 oerauo
507 2471 513 2477 -
534 2447 616 2482 The
642 2446 769 2493 quhilk
799 2446 870 2492 day
900 2444 1006 2481 Schir
1035 2444 1182 2492 George
1213 2443 1439 2491 Clapertoun
1467 2438 1610 2488 provest
1633 2440 1673 2474 of
1695 2437 1757 2474 the
1777 2436 1922 2474 Trinite
