2147 2964
92 1900 150 1932 45.

746 299 936 337 DOMUS
963 299 1034 336 DE
1061 300 1277 338 SOLTRE.
1750 307 1797 343 35)

222 395 352 433 fratres
372 397 417 433 de
439 397 559 434 Soltre
585 411 629 433 ex
649 411 721 434 vna
746 405 851 446 parte
879 405 915 435 et
935 398 1139 436 walterum
1166 402 1211 436 de
1232 400 1402 436 Morauia
1428 399 1578 436 militem
1607 414 1651 436 cx
1680 402 1795 438 altera

221 477 291 511 que
311 466 394 501 talis
411 465 463 501 est
482 488 489 494 ·
510 466 706 513 Inquisicio
726 467 821 503 facta
838 480 902 515 per
920 474 1132 515 preceptum
1153 468 1291 503 domini
1319 469 1416 516 regis
1436 469 1472 503 in
1493 468 1600 517 pleno
1620 470 1792 506 comitatu

220 535 414 570 comitatus
441 535 486 570 dc
515 534 718 582 Roxburgh
745 535 804 571 die
832 535 964 571 Martis
994 536 1160 582 proximo
1188 536 1267 582 post
1295 534 1501 571 vicesimum
1530 537 1625 571 diem
1650 537 1794 573 Natalis

218 601 370 638 Domini
402 615 499 638 anno
531 608 588 639 etc
607 603 895 650 -septuagesimo
925 603 1043 651 primo
1075 616 1141 651 per
1171 603 1399 650 antiquiores
1428 605 1546 651 patric
1579 606 1640 652 qui
1667 606 1793 641 melius

218 669 410 705 veritatem
447 670 554 718 super
588 670 659 705 hoc
695 671 868 706 nouerint
903 671 1041 706 scilicet
1076 684 1142 718 per
1169 671 1367 706 Ricardum
1397 671 1547 707 Jambes
1583 673 1790 709 sectatorem

217 737 367 774 baronie
386 739 431 774 de
450 738 613 775 churde
641 745 677 775 et
703 752 769 786 per
789 745 946 786 quatuor
965 740 1011 775 de
1029 739 1256 775 fidelioribus
1274 739 1484 774 hominibus
1504 740 1621 775 tocius
1641 741 1791 777 baronio

215 807 378 854 predifite
405 813 442 843 et
467 820 534 855 per
554 807 752 856 Hugonem
780 809 993 844 sectatorem
1020 807 1173 843 baronio
1200 807 1246 842 de
1276 806 1466 854 Superiori
1488 806 1654 855 Cralyng
1674 815 1709 844 et
1727 822 1792 856 per

215 881 372 922 quatuor
404 876 448 911 de
479 876 705 912 fidelioribus
736 877 945 912 hominibus
977 875 1094 911 tocius
1126 874 1220 910 diue
1248 874 1397 910 baronie
1431 881 1466 910 et
1496 889 1560 923 per
1591 876 1790 912 Ricardum

214 945 427 981 sectatorem
462 945 613 981 baronie
642 946 687 982 de
718 946 870 982 Hetoun
903 952 939 981 et
973 957 1039 992 per
1075 948 1233 990 quatuor
1264 942 1342 991 [de]
1375 943 1599 979 fidelioribus
1632 945 1789 981 eiusdem

214 1012 366 1049 baronio
394 1034 401 1043 ·
428 1013 452 1049 si
481 1015 666 1062 quondam
693 1014 862 1050 dominus
880 1013 1070 1050 Walterus
1091 1011 1238 1048 Olifard
1256 1017 1292 1047 et
1311 1011 1478 1047 dominus
1497 1012 1622 1048 Dauid
1644 1013 1790 1049 Olifard

213 1081 455 1118 antecessores
474 1082 613 1118 domini
631 1083 791 1120 Walteri
810 1083 855 1118 de
875 1082 1047 1118 Morauia
1065 1082 1110 1117 de
1131 1080 1279 1129 singulis
1308 1081 1449 1117 cai-ucis
1474 1081 1572 1117 infra
1590 1087 1724 1118 terram
1745 1083 1789 1118 de

215 1148 382 1198 Cralyng
400 1155 436 1185 et
455 1150 500 1186 de
519 1149 703 1186 Smalham
732 1157 805 1186 tam
826 1151 871 1186 de
890 1150 1049 1199 propriis
1068 1150 1210 1186 carneis
1230 1163 1339 1197 quam
1359 1151 1404 1185 de
1423 1151 1565 1185 carucis
1584 1151 1787 1186 bondorum

213 1229 321 1253 vnam
351 1217 518 1254 thravam
550 1219 650 1253 bladi
682 1219 804 1254 domui
837 1219 882 1253 de
914 1218 1034 1254 Soltre
1064 1217 1214 1265 singulis
1246 1218 1352 1253 annis
1384 1219 1471 1253 dare
1503 1218 1665 1255 solebant
1686 1239 1693 1247 ·
1714 1219 1787 1262 Qui

215 1298 341 1322 omnes
359 1286 470 1322 iurati
489 1286 660 1322 dixerunt
679 1287 778 1334 quod
797 1287 928 1322 fratres
948 1287 1041 1322 diue
1061 1287 1189 1321 domus
1209 1287 1254 1321 de
1275 1285 1396 1322 Soltre
1413 1292 1448 1322 et
1467 1288 1642 1323 attornati
1662 1301 1785 1323 corum

215 1354 285 1390 hoc
315 1367 382 1401 per
410 1355 526 1391 multa
556 1360 722 1402 tempora
754 1354 918 1401 recipere
950 1356 1218 1390 consueuerunt
1246 1361 1281 1390 et
1309 1355 1354 1390 de
1381 1355 1529 1390 domino
1549 1355 1716 1391 WValtero
1742 1358 1786 1392 de

212 1421 383 1458 Morauia
410 1428 446 1458 ct
474 1423 520 1458 de
551 1422 757 1458 hominibus
789 1423 858 1458 suis
890 1423 1026 1458 dietum
1058 1423 1206 1458 bladum
1239 1430 1459 1470 receperunt
1490 1444 1496 1451 ·
1526 1423 1569 1458 In
1601 1425 1703 1459 cuius
1733 1426 1784 1460 rei

210 1490 455 1526 testimonium
496 1490 649 1539 sigillum
694 1491 856 1526 nostrum
902 1491 1037 1539 apponi
1081 1491 1233 1526 fecimus
1276 1492 1434 1539 presenti
1478 1491 1611 1539 scripto
1652 1492 1782 1528 TESTE

208 1559 364 1595 Mmpso
383 1560 481 1607 apud
503 1559 640 1596 Caleov
660 1559 786 1606 quinto
815 1559 955 1595 decimo
984 1560 1043 1595 die
1065 1559 1205 1607 Aprilis
1233 1572 1329 1595 anno
1355 1559 1459 1607 regni
1483 1559 1595 1594 nostri
1617 1560 1782 1596 vicesimo

208 1634 351 1675 quarto.

208 1776 322 1813 Carta
340 1776 519 1813 Willelmi
538 1777 584 1812 de
604 1775 776 1811 Morauia
793 1775 838 1811 de
858 1782 1014 1823 quatuor
1032 1776 1139 1812 bollis
1158 1776 1275 1812 farine
1294 1789 1504 1812 auenarum.

210 1882 407 1939 Omnibus
426 1901 544 1936 sancte
564 1900 691 1936 matris
711 1900 860 1936 ecclesie
879 1900 963 1935 filiis
983 1900 1125 1936 clericis
1145 1908 1180 1936 et
1198 1901 1300 1936 laicis
1320 1901 1526 1937 willelmus
1545 1902 1589 1936 de
1607 1901 1774 1937 Morauia

206 1968 356 2004 salutem
394 1969 432 2004 in
456 1968 620 2004 Domino
651 1968 907 2015 sempiternam
939 1990 945 1996 ·
978 1968 1137 2004 Nouerit
1167 1969 1381 2004 vniuersitas
1413 1969 1532 2004 vestra
1562 1982 1619 2004 me
1651 1970 1775 2006 diuino

206 2036 352 2084 pietatis
369 2037 504 2073 intuitu
522 2050 587 2085 pro
607 2037 720 2072 salute
740 2036 859 2072 anime
876 2049 954 2071 mee
971 2042 1007 2072 et
1023 2036 1285 2072 antecessorum
1304 2049 1466 2071 meorum
1485 2043 1520 2072 et
1536 2037 1774 2074 successorum

205 2105 340 2140 dedisse
365 2105 568 2141 concessisse
596 2112 632 2141 et
659 2105 728 2140 hac
754 2105 912 2152 presenti
938 2111 1039 2140 carta
1063 2118 1144 2140 mea
1163 2104 1386 2140 confirmasse
1405 2105 1671 2152 imperpetuum
1693 2106 1774 2142 Deo

206 2178 242 2208 et
266 2173 388 2209 domui
418 2173 550 2210 Sanete
570 2173 767 2208 Trinitatis
795 2173 840 2208 de
869 2172 989 2208 Soltre
1017 2179 1052 2208 et
1079 2173 1252 2208 fratribus
1278 2172 1413 2208 ibidem
1433 2173 1515 2208 Deo
1535 2174 1773 2210 seruientibus

206 2247 242 2277 et
267 2241 536 2289 imperpetuum
564 2240 751 2277 seruituris
780 2247 937 2288 quatuor
962 2240 1076 2276 bollas
1108 2239 1225 2275 farine
1254 2252 1370 2275 auene
1398 2240 1443 2276 (16
1474 2241 1586 2275 firmis
1616 2243 1706 2277 meis
1736 2244 1771 2278 iu

205 2309 293 2345 villa
320 2310 365 2345 de
395 2309 566 2346 Bothvile
598 2310 786 2346 annuatim
818 2309 865 2345 ad
895 2308 1022 2344 festum
1052 2307 1286 2343 Pentecostes
1318 2308 1548 2355 recipiendas
1568 2331 1574 2338 -
1594 2309 1638 2344 In
1671 2311 1772 2346 cuius

205 2377 260 2413 rei
290 2378 535 2414 testimonium
571 2379 717 2426 presens
750 2378 923 2425 scriptum
955 2388 1022 2425 pro
1053 2388 1110 2411 me
1141 2382 1177 2411 et
1207 2375 1401 2411 heredibus
1429 2376 1517 2412 meis
1545 2377 1771 2424 impressione

205 2444 310 2493 sigilli
337 2446 408 2481 mei
436 2446 606 2482 roboraui
626 2468 632 2475 ·
654 2446 720 2481 hiis
753 2444 900 2481 testibus
929 2444 1084 2480 dominis
1104 2444 1259 2480 Andrea
1277 2444 1321 2480 de
1342 2443 1512 2480 Morauia
1530 2445 1701 2482 Johanne
1726 2448 1770 2482 de
