2147 2964
603 278 643 313 B.
676 277 846 314 MARIE
875 277 1119 316 VIRGINIS
1146 279 1217 315 DE
1247 279 1452 316 CAMPIS.
1742 281 1814 320 269

242 375 378 410 dentali
410 381 446 410 et
476 376 630 411 croftam
658 377 840 423 quondam
867 377 950 412 Ade
979 376 1108 425 Layng
1136 390 1179 414 ex
1207 378 1356 414 australi
1384 385 1419 414 et
1447 378 1631 426 publicum
1659 379 1809 414 stratum

241 443 378 491 regium
398 444 443 479 de
462 444 495 479 le
517 443 698 492 Cowgaitt
726 458 768 480 cx
797 445 933 480 boreali
960 446 1123 492 partibus
1151 447 1195 481 ab
1216 459 1287 482 vna
1309 453 1344 482 et
1364 447 1435 482 alia
1453 467 1460 473 ·
1479 459 1621 482 necnon
1642 452 1754 482 totam
1774 454 1809 482 et

241 510 421 558 integram
449 511 557 547 aliam
586 518 719 548 terram
751 525 867 548 meam
896 526 976 548 eum
1006 513 1170 549 domibus
1197 514 1354 549 eiusdem
1384 515 1502 549 subtus
1530 520 1566 550 et
1593 515 1700 562 supra
1724 528 1805 551 cum

239 579 470 625 pertinentiis
514 580 695 617 iacentem
739 581 776 615 in
817 581 980 627 predifito
1020 581 1136 628 burgo
1173 594 1216 616 ex
1253 588 1356 628 parte
1393 582 1539 617 australi
1577 582 1662 618 Vici
1699 583 1805 631 Regii

239 647 395 683 eiusdem
428 648 465 682 in
499 648 632 684 vinella
665 648 773 696 vulgo
805 648 839 684 le
876 648 1139 696 Nudryswynd
1175 656 1387 696 nuncupata
1423 663 1466 685 ex
1502 656 1605 697 parte
1637 651 1805 686 orientali

240 714 410 750 transitus
437 716 593 751 eiusdem
623 716 719 752 inter
746 715 881 752 terram
910 717 1094 763 quondam
1122 717 1257 752 domini
1286 717 1436 753 Roberti
1463 718 1669 754 Atkinsoun
1690 720 1806 766 capel-

238 783 311 818 lani
340 795 384 818 ex
411 789 515 830 parte
543 783 689 819 australi
729 790 764 819 et
797 789 932 819 terram
964 783 1091 819 Dauid
1122 783 1261 820 Melros
1293 798 1337 820 ex
1368 791 1472 832 parte
1503 786 1641 821 borcali
1671 794 1707 822 et
1737 795 1806 822 ter-

237 862 312 885 ram
342 850 526 897 quondam
555 850 706 898 Georgii
740 850 935 886 Grenelaw
968 863 1011 886 ex
1045 858 1149 898 parte
1177 853 1355 888 orientale
1387 859 1423 888 et
1453 853 1587 888 ditium
1620 854 1804 890 transitum

236 930 279 952 ex
311 924 415 965 parte
448 918 666 955 occidentali
701 919 746 954 ab
779 931 849 954 vna
884 918 1048 966 partibus
1087 926 1122 954 et
1155 920 1252 955 alia·
1274 933 1355 955 cum
1385 920 1660 968 quibusqmdem
1695 923 1805 957 domi-

235 987 300 1021 bus
328 992 364 1022 et
391 986 469 1022 aliis
496 987 627 1022 annuis
654 987 857 1022 redditibus
885 987 922 1021 in
950 987 1114 1035 proximo
1142 988 1273 1023 difitam
1300 988 1458 1023 nostram
1486 989 1736 1025 fundationem
1760 992 1805 1025 ad

236 1055 407 1090 summam
437 1055 566 1103 viginti
596 1056 772 1091 librarum
805 1055 936 1090 vsualis
972 1062 1116 1091 monete
1153 1056 1258 1103 regni
1291 1055 1420 1092 Scocie
1452 1069 1517 1104 pro
1550 1058 1805 1094 sustentatione

235 1123 321 1158 dieti
339 1123 572 1171 prebendarii
596 1129 631 1159 et
658 1136 723 1172 pro
752 1124 860 1159 certis
888 1124 1103 1159 communiis
1130 1124 1203 1159 flue
1231 1124 1361 1159 annuis
1386 1124 1698 1161 distributionibus
1717 1127 1805 1161 eius—

235 1194 317 1228 dem
346 1193 495 1229 ecclefie
522 1206 666 1229 necnon
694 1193 944 1229 anniuersario
972 1192 1094 1228 nostro
1123 1205 1164 1227 ac
1191 1192 1299 1227 certis
1317 1193 1536 1241 pauperibus
1554 1194 1591 1228 in
1612 1194 1806 1230 elemosina

235 1261 425 1297 annuatim
457 1262 518 1297 sub
549 1262 657 1297 modo
690 1262 843 1297 inferius
875 1260 1159 1297 distribuendam
1193 1273 1235 1295 ac
1267 1261 1313 1295 ad
1344 1261 1614 1308 reparationem
1647 1275 1804 1299 annuam

235 1329 414 1364 diaarum
441 1329 631 1364 domorum
660 1328 732 1365 siue
758 1335 1049 1365 tenementorum
1081 1328 1279 1363 extendere
1308 1328 1389 1364 Deo
1420 1329 1617 1365 adiuuante
1641 1330 1805 1377 dispona-

236 1411 312 1433 mus
332 1418 340 1426 ·
359 1398 616 1445 quamquidem
643 1398 868 1445 prebendam
896 1397 1097 1433 venerabili
1118 1397 1197 1431 viro
1225 1395 1396 1442 magistro
1417 1397 1630 1432 Alexandro
1650 1398 1803 1446 Piamsa)⁷

236 1466 424 1515 capellano
444 1466 567 1501 nostro
586 1479 652 1514 pro
672 1466 797 1502 diuino
817 1466 968 1502 seruicio
996 1466 1034 1501 in
1061 1465 1204 1512 prefata
1230 1464 1423 1512 collegiata
1442 1465 1592 1501 eeclefia
1610 1479 1674 1514 per
1693 1467 1727 1502 se
1749 1469 1804 1503 vel

235 1534 463 1570 substitutum
489 1534 588 1570 suum
617 1535 813 1570 secundum
840 1534 1092 1569 fundationem
1120 1539 1155 1569 et
1183 1532 1316 1568 statuta
1338 1533 1431 1569 difflue
1451 1533 1600 1569 ecclesie
1620 1535 1804 1581 qualifica-

236 1608 311 1637 tum
338 1602 459 1637 fiendo
487 1603 533 1637 ad
560 1602 669 1638 vitam
700 1602 796 1638 suam
824 1602 1000 1637 donamus
1028 1608 1062 1637 et
1090 1601 1306 1649 assignamus
1326 1623 1333 1629 -
1354 1601 1534 1637 Volumus
1562 1608 1681 1638 autem
1706 1604 1803 1649 quod

235 1670 350 1706 (Ιίὁὶυε
377 1670 548 1717 magister
567 1670 781 1706 Alexander
807 1682 872 1718 pro
900 1676 1063 1716 tempore
1092 1671 1152 1704 suo
1180 1682 1246 1716 per
1268 1670 1419 1716 seipsum
1440 1670 1497 1705 vel
1524 1671 1706 1717 ydoneum
1726 1671 1803 1706 sub-

236 1739 399 1775 stitutum
422 1740 618 1775 secundum
646 1739 897 1774 fundationem
929 1744 965 1773 et
993 1737 1126 1773 statuta
1149 1738 1242 1773 diae
1270 1737 1461 1784 collegiate
1489 1738 1636 1773 ecclesie
1664 1739 1802 1785 qualifi-

236 1812 358 1842 catum
378 1807 590 1842 continuam
609 1807 719 1842 faciat
746 1806 982 1841 residenciam
1011 1805 1070 1840 sed
1097 1805 1175 1852 post
1201 1805 1336 1840 obitum
1364 1806 1463 1840 suum
1490 1806 1704 1853 potestatem
1725 1807 1801 1842 sub-

237 1874 410 1909 stituendi
438 1873 694 1910 succefforibus
722 1873 828 1920 ipsius
847 1872 1052 1908 Alexandri
1081 1878 1116 1907 et
1144 1873 1310 1908 omnibus
1343 1873 1421 1908 aliis
1449 1873 1720 1921 quibuscunque
1748 1875 1800 1909 in-

238 1941 363 1977 teresse
383 1941 600 1977 habentibus
619 1941 768 1976 omnino
787 1941 1009 1988 denegamus
1034 1947 1069 1976 et
1089 1941 1305 1988 denegatam
1326 1941 1403 1976 fore
1423 1941 1587 1976 volumus
1607 1942 1667 1977 sed
1685 1943 1798 1990 ipsum

237 2009 490 2045 canonicatum
519 2016 555 2045 et
583 2009 805 2056 prebendam
834 2021 899 2056 pro
927 2015 1090 2056 tempore
1115 2009 1283 2044 obtinens
1305 2008 1347 2045 fit
1371 2009 1547 2056 presbiter
1566 2016 1601 2045 et
1622 2011 1666 2045 ad
1686 2012 1800 2046 conti-

235 2089 343 2113 nuam
363 2083 399 2113 et
417 2077 643 2124 personalem
670 2076 907 2112 refidenciam
934 2076 1115 2124 obligetur
1142 2083 1178 2112 et
1205 2077 1427 2125 astringatur
1446 2085 1482 2113 et
1503 2078 1525 2112 si
1547 2079 1645 2113 {ecus
1674 2079 1797 2115 fecerit

235 2146 309 2193 ipsa
327 2146 514 2192 prebenda
533 2146 578 2180 de
598 2145 690 2180 facto
711 2158 840 2181 vacare
868 2144 1056 2180 censeatur
1075 2151 1111 2180 et
1138 2145 1244 2180 alteri
1272 2145 1477 2192 qualificate
1496 2145 1646 2191 persone
1666 2147 1797 2194 absque

235 2214 385 2261 strepitu
404 2213 529 2249 iudicii
549 2219 588 2248 ut
611 2213 836 2260 premittitur
864 2213 1073 2248 conferatur
1092 2234 1099 2241 ·
1120 2219 1155 2248 et
1175 2202 1338 2248 fimi‘liter
1357 2212 1381 2247 fi
1401 2213 1515 2248 dietus
1533 2214 1797 2260 prebendarius

233 2294 299 2329 per
318 2281 539 2329 quindenam
568 2281 699 2328 absque
728 2267 935 2317 rationabili
963 2281 1068 2316 causa
1095 2287 1130 2316 et
1157 2281 1313 2316 licencia
1340 2282 1460 2316 debite
1488 2282 1657 2329 requisita
1683 2289 1717 2318 et
1737 2284 1797 2317 ob-

233 2356 334 2386 tenta
352 2351 386 2385 se
405 2363 427 2385 a
451 2350 547 2384 dieto
572 2349 723 2385 seruicio
751 2349 994 2384 absentauerit
1021 2348 1183 2384 similiter
1215 2349 1325 2396 ipsam
1356 2349 1578 2396 prebendam
1604 2363 1734 2387 vacare
1761 2360 1795 2387 et

232 2418 337 2454 alteri
366 2417 572 2465 qualificate
599 2417 750 2464 persone
778 2417 937 2452 conferri
962 2423 1129 2452 teneatur
1148 2438 1155 2445 ·
1175 2417 1355 2452 Volumus
1380 2418 1494 2453 eciam
1525 2425 1560 2453 et
1585 2419 1795 2455 ordinamus
