2147 2964
837 301 1021 338 INDEX.

162 401 300 439 Douglas,
330 401 472 431 Henricus
499 401 543 437 de,
572 400 662 437 miles,
688 401 775 429 frater
797 401 816 430 J
819 401 899 430 acobi

201 454 309 483 domini
324 453 359 482 de
375 453 512 490 Dalketh,
529 454 596 490 313,
613 454 681 482 314.

255 506 404 535 «Iohannes
428 506 472 543 de,
497 505 572 534 filius
599 505 702 535 Jacobi
729 505 835 535 domini
864 505 898 534 de

203 559 338 596 Dalketh,
355 560 422 587 313.

256 611 404 641 Jobannes
428 610 472 647 de,
499 610 586 639 frater
605 610 708 639 Jacobi
733 609 840 638 domini
864 609 898 638 dc

203 663 340 700 Dalketh,
357 664 424 692 313.

256 716 374 744 Maister
388 714 554 751 Archibald,
570 723 690 753 persoun
708 713 740 742 of
758 713 896 749 Kirkvrd,

202 767 387 806 prebendary,
404 769 470 803 237,
487 768 554 803 238,
571 771 600 795 et
614 767 685 795 forte
700 766 768 794 234.

254 820 347 848 Maria
368 819 428 847 filia
448 818 589 847 Willelmi
609 818 653 854 de,
668 818 775 847 domini
796 817 900 846 Wallis

201 872 236 900 de
251 871 378 906 Ledalle‚
395 872 463 899 313.

255 924 418 961 Mergareta.
438 932 514 951 soror
535 922 638 951 Jacobi
660 921 704 958 dc,
723 921 831 950 domini
848 921 899 958 'de

203 976 339 1013 Dalkeffi,
357 977 425 1005 313.

257 1028 414 1057 Nicholaus
438 1027 481 1065 de,
505 1027 592 1055 frater
611 1026 714 1055 Jacobi
736 1025 843 1055 domini
864 1025 899 1054 de

204 1081 340 1117 Dalketh,
357 1082 425 1109 313.

255 1133 405 1169 Bobertus,
422 1133 470 1161 90.

257 1185 383 1214 Thomas
410 1185 454 1221 de,
480 1183 568 1212 frater
599 1183 701 1212 Jacobi
729 1182 837 1211 domini
865 1182 899 1210 de

205 1237 352 1272 Dalkeith,
369 1237 435 1265 313.

259 1288 422 1317 Willelmus
436 1297 529 1316 comes
542 1287 585 1323 de,
603 1288 671 1315 311.

258 1340 428 1376 Willelmus,
444 1340 478 1368 dc
494 1339 709 1376 Drumlangrig,
727 1339 827 1367 79-82.

166 1392 373 1431 Douglasland,
390 1393 457 1421 307.

166 1445 322 1483 Driburgh‚
337 1445 424 1473 abbas
439 1448 469 1473 et
482 1447 638 1473 conuentus
653 1442 696 1480 de,
714 1443 759 1479 ll,
778 1443 822 1478 12,
840 1442 887 1470 50.

167 1500 272 1535 Drone,
289 1500 350 1528 vide
365 1498 489 1527 Wcmes.

166 1551 347 1587 Drowmond,
377 1549 564 1586 Drummond,
593 1548 724 1577 dominus
752 1546 901 1584 Georgius,

206 1604 353 1642 presbiter,
372 1605 439 1632 107.

259 1656 395 1691 Joannes,
413 1653 487 1692 apud
508 1653 659 1691 collegium
683 1652 785 1681 Sancte
807 1651 901 1679 Trini-

207 1708 275 1737 tatis
290 1716 473 1743 commorans»,
491 1707 556 1734 152.

259 1760 424 1797 Margareta
439 1759 534 1787 Broun
550 1766 652 1796 sponsa
665 1757 685 1786 J
688 1756 795 1792 oannis,
815 1756 881 1784 152.

261 1813 307 1841 Sir
321 1813 367 1848 A„
382 1813 450 1840 258.

167 1864 413 1901 Drumdynmond‚
429 1863 456 1892 le
470 1861 598 1891 waterfai
613 1862 656 1897 de,
673 1863 720 1889 47.

261 1922 336 1945 terra
349 1916 392 1953 de,
409 1918 457 1944 47.

168 1969 371 2005 Drumlanark,
388 1967 604 2004 Drumlangrig,
620 1966 750 1994 dominus
764 1964 807 2000 de,
826 1965 891 1992 121.

261 2021 323 2050 vide
339 2020 475 2057 Douglas.

169 2075 347 2111 Drumtocty,
364 2071 570 2108 Drumtokthy,
586 2071 647 2099 vide
663 2069 761 2098 Keith.

169 2127 295 2164 Drylaw,
310 2126 373 2155 vide
389 2124 561 2153 Crechtoun.

169 2177 343 2215 Dryvisdall,
359 2176 482 2205 vicarius
496 2175 539 2211 dc,
555 2175 618 2203 vide
634 2173 820 2211 Langlandis.

169 2229 348 2267 Dry-yardis,
365 2228 422 2264 the,
438 2227 501 2256 vide
516 2226 621 2263 Gogar.

170 2282 382 2319 Dudingstoun‚
398 2279 589 2314 Dudinstoun,
604 2277 667 2306 vide
682 2277 750 2313 Ker,
766 2277 888 2305 Lausou.

170 2334 306 2370 Dumbar‚
323 2332 451 2368 Dunbar,
466 2331 615 2360 «Iohannes
628 2329 672 2363 de,
688 2330 735 2357 32.

262 2385 399 2423 magister
411 2383 555 2420 Gawinus,
568 2382 691 2411 decanus
706 2379 901 2416 Momuicnsis,

208 2437 423 2467 archidiaconus
455 2433 666 2470 Sanctiandree,
687 2432 843 2461 rotulorum
874 2435 904 2459 et

1622 303 1693 336 345

992 400 1105 438 registri
1120 409 1153 429 ac
1164 400 1277 429 concilii
1291 400 1418 437 clericus,
1430 403 1528 438 postea
1543 400 1692 438 episcopus

992 452 1210 488 Aberdonensis,
1228 454 1275 489 77,
1292 453 1358 488 290,
1375 453 1443 482 331.

951 504 1090 540 Dumbar,
1107 504 1258 539 Patricius,
1274 514 1367 533 comes
1382 504 1426 541 de,
1442 506 1490 533 46.

952 557 1137 591 Dumbarnie‚
1165 557 1349 594 Dumbernie,
1375 557 1440 585 kirk
1465 557 1501 593 of,
1528 558 1595 593 249,
1622 557 1688 592 252,

991 610 1058 646 256,
1076 611 1143 638 257.

952 661 1123 698 Dumblane,
1138 662 1301 690 commissar
1315 661 1351 698 of,
1366 662 1429 690 vide
1444 661 1527 690 Pont.

953 713 1029 749 Dun,
1045 713 1125 749 Will,
1140 714 1202 742 vide
1217 713 1358 741 Lauadrc.

953 765 1148 801 Dunbertane,
1167 767 1232 801 115,
1251 767 1317 794 116.

953 817 1100 854 Duncane,
1117 817 1250 854 Michael,
1270 819 1336 846 126.

954 869 1140 906 Duncanlaw,
1156 869 1218 898 vide
1232 869 1417 898 Doncanlaw.

954 921 1067 957 Dunde,
1083 921 1214 950 dominus
1229 921 1370 950 Robertus
1383 921 1426 958 de,
1443 921 1615 959 capellanus,
1632 924 1659 950 (3.

955 973 1153 1011 Dungalsoun,
1170 973 1334 1011 Margarcta
1354 974 1490 1011 Lyntoun
1512 984 1614 1012 sponsa
1634 974 1689 1003 Ro-

994 1026 1062 1063 geri,
1081 1026 1147 1054 128.

1048 1077 1185 1115 Rogerus,
1201 1078 1351 1115 burgensis
1365 1078 1399 1106 (le
1415 1077 1592 1114 Edinburcb,
1611 1080 1676 1107 128.

955 1129 1095 1167 Dunglas‚
1111 1130 1268 1167 prepositus
1282 1130 1325 1167 de,
1340 1131 1403 1158 vide
1419 1129 1590 1159 Crechtoun.

955 1181 1175 1218 Dunkeldensis,
1192 1182 1351 1219 canonicus,
1369 1182 1429 1211 vide
1444 1182 1557 1219 Yhong.

1049 1234 1203 1271 episcopus,
1220 1235 1288 1262 262.

955 1302 1034 1307 —-——
1048 1286 1205 1323 episcopus,
1222 1285 1376 1323 Galfridus,
1392 1287 1455 1315 vide
1470 1286 1663 1316 Liberacione.

1049 1339 1145 1376 Hugo,
1164 1341 1209 1367 17.

1049 1391 1183 1427 Thomas,
1199 1391 1261 1419 vide
1276 1391 1417 1420 Lauadre.

955 1442 1080 1480 Dunlop,
1103 1443 1234 1471 dominus
1255 1442 1391 1479 Joannes,
1413 1443 1599 1479 subdecanus,
1622 1445 1689 1479 216,

993 1496 1061 1532 218,
1077 1496 1144 1524 219.

954 1547 1108 1584 Dunmani,
1124 1547 1269 1576 Henricus
1283 1557 1403 1585 persona
1417 1547 1461 1585 de,
1476 1548 1504 1577 5.

954 1599 1112 1635 Dunnotar,
1137 1599 1296 1635 Dunnoter‚
1324 1599 1496 1635 Dunnottar,
1519 1599 1689 1635 Dunnotter,

993 1651 1116 1679 decanus
1137 1654 1166 1679 et
1187 1651 1365 1680 subdecanus
1386 1651 1430 1686 de,
1447 1661 1496 1680 seu
1518 1651 1641 1680 decanus
1663 1656 1691 1680 et

993 1703 1170 1732 subdecanus
1184 1702 1299 1740 collegii
1316 1703 1345 1731 S.
1362 1703 1522 1739 Trinitatis,
1541 1705 1606 1732 143.

1045 1755 1193 1793 perrochin
1214 1755 1280 1783 kirk
1299 1755 1335 1791 of,
1359 1755 1447 1784 Sanct
1469 1755 1603 1792 Brigydis
1624 1755 1690 1783 kirk

993 1807 1021 1835 in
1034 1807 1083 1835 the
1095 1807 1203 1835 Mernis
1216 1806 1444 1845 (vicecomitatus
1458 1807 1493 1836 de
1506 1807 1688 1843 Kincardin),

996 1860 1060 1895 126,
1079 1860 1144 1895 127,
1163 1860 1229 1895 131,
1248 1860 1313 1895 139,
1330 1860 1396 1887 143.

1046 1912 1172 1950 personis
1206 1911 1263 1940 and
1291 1912 1394 1940 vicaris
1428 1911 1464 1947 of,
1494 1912 1555 1940 vide
1591 1911 1688 1941 Eldar.

993 1963 1101 2001 Mylne,
1119 1963 1264 1992 Salmond.

1046 2019 1123 2044 town
1140 2025 1172 2043 or
1186 2014 1322 2043 kirkland
1334 2015 1370 2051 of,
1389 2016 1454 2051 127,
1471 2016 1536 2052 131,
1555 2016 1620 2044 139.

954 2068 1045 2103 Duns,
1066 2067 1138 2096 villa
1162 2071 1191 2096 ct
1216 2067 1388 2096 territorium
1413 2067 1456 2103 de,
1480 2068 1526 2103 54,
1550 2068 1597 2104 83,
1624 2069 1686 2097 101.

995 2120 1060 2147 122.

953 2171 1043 2208 Dury,
1060 2170 1194 2207 magister
1208 2169 1357 2207 Georgius,
1374 2170 1421 2198 97.

953 2223 1125 2260 Dychment,
1141 2223 1205 2251 vide
1220 2222 1397 2251 Dechmond.

953 2377 1087 2414 churde,
1102 2377 1220 2406 baronia
1233 2377 1276 2414 de,
1291 2378 1354 2406 vide
1367 2378 1494 2407 Jambes.

953 2429 1130 2467 Edinburch,
1155 2429 1346 2465 Edinburcht,
1369 2429 1564 2467 Edinburght,
1586 2429 1683 2469 Edyn-
