2147 2964
201 1007 270 1039 152

339 297 406 334 170
632 293 949 330 REGISTRUM
976 293 1228 330 ECCLESIE
1258 294 1602 333 COLLEGIATE

438 392 585 428 Summa
618 394 856 440 expensarum
888 393 967 428 lili.
1001 393 1089 428 viis.
1122 392 1217 428 iiiid.
1248 401 1284 430 et
1316 395 1364 431 fic
1394 397 1665 445 superexposuit
1697 402 1910 445 compotans

485 461 530 496 de
551 461 651 496 claro
671 461 758 495 xxvi
770 461 809 496 li.
830 461 909 496 xiiii
923 474 949 497 s.
972 467 1008 497 et
1027 461 1164 497 restant
1184 463 1367 500 allocandi
1388 465 1577 501 serieando
1596 465 1700 500 xiiis.
1720 465 1769 500 iiii
1783 466 1817 501 d.

384 529 590 565 JOHANNES
611 529 770 565 LOGANE
799 529 958 564 decanus
985 543 1096 565 manu
1175 530 1339 567 THoMAs
1359 533 1559 569 WVA‘rsonN
1579 546 1689 569 manu
1708 534 1858 581 propria

432 598 583 646 propria
1172 594 1345 631 JACOBUS
1367 595 1563 631 CHAUMAR
1582 608 1694 631 manu
1712 596 1861 644 propria

385 668 628 702 ALEXANDER
650 665 772 703 ScoTT
790 679 900 701 manu
918 667 1065 714 propria
1172 664 1414 700 Wmmmms
1436 663 1616 699 TEMPILL

386 735 592 771 Hssxnicns
610 735 874 771 HADDINTOUN
891 747 1001 770 manu
1016 747 1097 782 pro-
1174 733 1223 768 D.
1243 733 1450 768 Rossmwns
1472 732 1606 768 BRADY
1622 745 1732 768 manv
1751 733 1901 780 propria

435 805 513 852 pria
1174 801 1340 837 THOMAS
1363 801 1476 837 Gom)
1495 814 1605 836 manu
1622 801 1782 849 propria.

336 995 572 1048 Comma-um
600 1007 763 1055 magistri
782 1007 913 1042 Jacobi
935 1006 1161 1043 Creichtoun
1188 1005 1312 1042 vicarii
1340 1006 1385 1041 de
1405 1005 1572 1041 Kirkvrd
1592 1019 1633 1041 ac
1654 1006 1803 1042 firmarii
1823 1007 1910 1042 eius-

335 1080 418 1115 dem
445 1078 630 1113 redditum
657 1089 722 1124 per
742 1076 898 1111 eundem
927 1076 1024 1123 apud
1051 1075 1269 1122 Edinburgh
1297 1074 1334 1109 in
1366 1073 1533 1121 Collegio
1563 1073 1694 1110 Sancte
1716 1074 1910 1111 Trinitatis

336 1149 464 1183 offlano
485 1146 543 1182 die
562 1145 693 1181 mensis
714 1144 905 1179 Februarii
935 1157 1032 1179 anno
1052 1144 1205 1179 Domini
1234 1142 1421 1178 millefimo
1450 1142 1740 1189 quingentesimo
1767 1143 1909 1179 decimo

335 1216 451 1253 tercio
467 1216 511 1251 de
528 1213 694 1249 omnibus
714 1213 871 1260 receptis
889 1212 957 1247 suis
977 1218 1012 1247 et
1033 1211 1196 1259 expensis
1213 1212 1332 1246 tocius
1351 1211 1507 1246 reoorie
1526 1211 1621 1246 diffie
1641 1211 1791 1247 ecelefie
1810 1225 1832 1248 a
1850 1213 1910 1248 die

336 1285 452 1321 vltimi
481 1282 640 1330 compoti
669 1281 801 1317 redditi
830 1294 895 1328 per
923 1281 1136 1327 magistrum
1166 1280 1387 1315 Michaelem
1415 1279 1534 1315 Locht
1558 1285 1593 1315 et
1613 1280 1800 1315 dominum
1821 1280 1911 1316 Wil-

335 1354 482 1389 lelmum
499 1350 657 1398 Tempill
674 1350 783 1396 Vsque
802 1350 839 1384 in
861 1349 956 1384 diem
976 1349 1084 1384 huius
1104 1348 1262 1395 compoti
1283 1354 1318 1382 et
1338 1348 1384 1382 fic
1404 1347 1448 1382 de
1469 1347 1610 1382 duobus
1629 1348 1795 1383 terminis
1814 1349 1912 1384 infra

335 1424 403 1458 hoc
432 1426 639 1468 compotum
669 1418 840 1453 videlicet
859 1417 1119 1452 penthecostes
1139 1423 1174 1452 et
1200 1416 1321 1452 Sanffi
1342 1415 1496 1451 Martini
1523 1415 1611 1451 anni
1637 1416 1792 1463 prediffi
1812 1423 1848 1453 et
1866 1418 1911 1453 de

335 1503 471 1538 croppo
492 1489 650 1525 eiusdem
670 1487 770 1522 anni.

334 1560 435 1595 Idem
465 1563 594 1593 onerat
612 1556 647 1591 se
667 1556 712 1590 dc
732 1555 836 1590 xlviii
850 1554 885 1590 li.
905 1567 972 1602 pro
992 1554 1168 1589 frui-‘tibus
1189 1553 1282 1588 dieta
1307 1552 1457 1588 eoeleste
1481 1552 1525 1587 de
1545 1565 1680 1601 croppo
1700 1553 1787 1588 anni
1808 1553 1910 1600 quin-

335 1626 524 1677 gentesimi
544 1624 678 1661 decimi
697 1623 814 1659 tercii.

435 1695 583 1732 Summa
601 1693 709 1729 huius
729 1691 960 1727 oneracionis
980 1696 1091 1737 patet.

335 1764 501 1813 Expense
529 1763 686 1798 eiusdem
707 1782 714 1790 ·
734 1761 779 1796 In
798 1759 926 1808 primis
950 1759 1156 1794 allocantur
1184 1758 1408 1804 compotanti
1434 1770 1499 1805 per
1526 1757 1746 1793 solucionem
1777 1758 1908 1793 fafitam

336 1832 608 1880 archiepiscopo
630 1829 845 1877 Glasguenfi
870 1828 907 1863 in
935 1828 995 1862 sex
1022 1827 1125 1862 libris
1152 1826 1343 1862 tresdecim
1368 1826 1488 1861 solidis
1512 1831 1669 1873 quatuor
1687 1826 1848 1861 denariis
1870 1827 1907 1862 in

337 1902 553 1950 completam
572 1899 793 1934 solucionem
813 1903 896 1932 taxe
919 1896 990 1931 siue
1010 1894 1298 1931 contribucionis
1319 1895 1414 1930 dicle
1433 1894 1583 1930 ecclesie
1602 1894 1717 1930 solute
1736 1895 1908 1942 magistro

336 1969 524 2005 willelmo
542 1967 698 2004 Stewart
717 1965 865 2001 nomine
880 1964 966 2000 diffi
983 1964 1177 1999 reuerendi
1198 1963 1337 1998 domini
1356 1970 1392 1999 et
1408 1963 1470 1998 sub
1485 1963 1650 2010 periculo
1666 1963 1908 2010 compotantis

336 2038 370 2073 vi
383 2038 418 2073 li.
440 2036 540 2072 xiiis.
562 2036 609 2070 iiii
622 2036 654 2070 d.
698 2034 744 2070 Et
761 2033 948 2068 willelmo
962 2032 1196 2079 Dalgleische
1216 2032 1253 2066 in
1273 2032 1381 2067 feodo
1401 2032 1462 2066 suo
1478 2031 1523 2066 de
1543 2043 1639 2067 anno
1657 2032 1815 2079 compoti
1835 2031 1907 2067 vli.

335 2106 383 2142 Et
402 2105 550 2141 domino
571 2104 714 2139 Thome
733 2102 905 2138 Watstme
932 2101 970 2136 in
990 2101 1097 2136 feodo
1117 2100 1178 2134 suo
1198 2099 1242 2134 de
1263 2100 1357 2134 dieto
1378 2112 1475 2134 auno
1494 2099 1533 2134 iii
1546 2099 1583 2134 li.
1604 2099 1678 2134 vis.
1699 2099 1806 2134 viiid.
1860 2098 1908 2134 Et

334 2187 400 2222 per
418 2174 637 2209 solucionem
655 2173 783 2207 saeviam
799 2170 947 2206 domino
962 2168 1147 2203 Willelmo
1164 2168 1349 2204 Vl'ischart
1367 2181 1434 2215 pro
1449 2168 1713 2203 sustentacione
1728 2167 1904 2202 luminum

336 2243 372 2277 in
393 2242 487 2277 dieta
505 2239 654 2276 ecclesia
672 2240 749 2274 iili.
771 2252 793 2274 x
806 2252 832 2274 s.
852 2239 896 2273 de
917 2238 1045 2273 eodem
1065 2249 1161 2271 anno
1182 2236 1341 2284 compoti
1361 2257 1368 2264 ·
1384 2236 1432 2272 Et
1450 2236 1564 2271 solute
1579 2235 1726 2270 domino
1742 2235 1906 2271 Roberto

338 2310 460 2357 Brady
476 2309 621 2345 sacriste
637 2309 732 2343 dicte
752 2307 902 2344 ecclesie
921 2319 987 2353 per
1006 2306 1102 2341 idem
1123 2310 1264 2352 tempus
1281 2318 1346 2353 pro
1366 2304 1605 2339 luminaribus
1624 2303 1659 2338 i11
1675 2303 1772 2338 dieta
1791 2303 1905 2339 eccle-

338 2378 385 2412 {ia
412 2377 482 2412 xli.
511 2377 584 2411 vis.
614 2376 723 2411 viiid.
755 2387 821 2423 pro
854 2374 984 2421 quibus
1017 2374 1132 2409 diffluis
1165 2374 1333 2408 dominus
1361 2373 1543 2408 Robertus
1576 2371 1811 2418 respondebit
1830 2391 1838 2399 ι
1858 2371 1905 2406 Et

336 2445 488 2480 liberate
516 2444 671 2479 dominis
700 2443 844 2478 Thome
873 2442 1046 2478 Watsone
1074 2449 1110 2478 ct
1137 2441 1324 2478 Willelmo
1353 2440 1512 2487 Tcmpill
1540 2439 1793 2475 cossefftoribus
1821 2439 1905 2474 dieti
