2147 2964
338 316 339 319 Ἴ
355 276 390 299 x1
398 276 407 298 ι
869 266 871 268 '
1018 254 1238 291 TABULA
1245 283 1252 289 .

351 363 404 394 48.
429 360 524 392 Carta
536 357 665 390 Roberti
676 356 715 388 de
731 355 820 387 Keth
832 353 1026 386 Manescalli
1039 353 1145 386 Scocie
1159 353 1199 385 de
1214 355 1394 385 tenemento
1407 352 1445 384 de
1457 352 1638 394 Jonystoun
1651 351 1795 384 Inferiori

485 414 599 454 (1296-
601 412 710 452 1324),
726 411 837 444 O'hart.
845 409 907 451 fol.
925 410 976 451 15,
996 410 1106 441 Trans.
1116 409 1178 450 sol.
1195 409 1226 442 7-

354 468 592 510 49.0b1igacio
615 466 722 498 Dauid
745 466 783 498 de
808 465 927 498 Grame
949 464 988 496 de
1012 463 1145 496 dimidia
1169 473 1273 495 marca
1300 463 1338 494 de
1362 462 1542 495 Elotistoun
1569 433 1680 503 (1296-
1685 463 1794 503 1332),

485 524 592 557 Chart.
602 523 664 564 fol.
681 523 711 563 4,
730 521 842 553 Trans
851 521 913 562 fol.
930 522 961 553 9
1226 544 1231 549 .
1366 544 1370 549 .
1504 543 1510 550 .

355 582 405 613 50.
430 580 524 612 Carta
547 577 708 619 Radulphi
731 576 851 609 domini
874 576 912 608 de
935 575 1133 616 Oranystouu
1155 573 1194 605 de
1216 573 1309 605 certis
1323 573 1412 604 terris
1428 573 1460 604 in
1484 573 1640 605 territorio
1654 573 1795 605 eiusdem

485 633 712 675 (1300-1331)‚
731 632 838 665 chart.
848 631 908 673 fol.
927 632 979 668 22,
1001 630 1114 661 Trans.
1128 629 1188 671 fol.
1207 630 1256 660 12.

356 691 405 723 51.
430 690 604 721 Indentura
620 689 700 720 inter
716 687 904 728 magistrum
920 689 952 717 et
966 685 1078 716 fratres
1093 684 1132 715 de
1147 683 1249 715 Soltre
1271 687 1303 714 et
1325 682 1492 714 Matheum
1508 683 1612 714 filium
1634 684 1793 725 quondam

484 744 642 776 Willelmi
668 744 707 775 de
734 743 787 784 Ky
779 742 878 783 ⁷nglas
903 741 941 772 de
971 740 1062 771 terris
1088 738 1237 780 eiusdem,
1267 738 1359 778 1306,
1388 737 1494 771 Ohart.
1515 738 1575 779 fol
1605 739 1654 778 19,
1682 738 1793 770 Trans.

477 800 537 841 fol
555 801 1095 831 11..
1228 819 1234 824 .
1646 819 1652 825 .
1785 818 1793 824 .

358 858 408 889 52.
433 856 529 888 Carta
544 854 674 887 Roberti
692 853 788 895 Regis
803 822 842 883 (16
858 851 1098 883 confirmacione
1113 852 1271 882 cartarum
1286 849 1367 891 renis
1368 819 1540 881 ‘Willelmi
1555 853 1587 880 et
1602 849 1683 890 regis
1699 850 1794 882 Alex-

485 911 577 943 andri
594 910 693 950 (1325
710 910 752 950 Ρ),
770 908 880 941 Chart.
888 907 929 948 ff.
949 907 998 946 17,
1017 907 1065 946 18,
1084 905 1199 936 Trans.
1207 904 1255 946 ff:
1266 905 1296 945 5,
1314 905 1341 937 6

358 970 406 1000 53.
432 968 527 1000 Carta
542 965 666 998 abbatis
681 965 795 996 Sancte
811 962 924 995 Crucis
939 962 977 993 de
993 959 1192 1002 Edynburgh
1207 959 1246 991 de
1260 970 1315 991 sex
1338 959 1453 1000 solidis,
1472 930 1563 1000 1326,
1583 960 1690 992 C'Izart.
1705 961 1745 1001 ff.
1764 962 1794 999 5,

489 1024 518 1064 6,
536 1022 651 1053 Trhms
660 1020 721 1062 fol.
740 1020 789 1051 13.

358 1080 407 1112 54.
434 1079 530 1111 Carta
543 1076 707 1109 Michaelis
721 1075 780 1107 filii
795 1073 902 1106 Dauid
924 1073 963 1104 de
978 1072 1111 1113 Wemys
1133 1072 1172 1103 de
1195 1071 1433 1103 confirmacione
1455 1042 1581 1103 ecc1esie
1603 1071 1742 1103 eiusdem
1765 1075 1795 1103 et

486 1134 524 1165 de
540 1132 632 1164 certis
647 1131 736 1163 terris
753 1130 867 1172 (1328-
871 1129 981 1170 1332),
999 1126 1108 1161 Okart
1116 1127 1157 1168 ff.
1175 1128 1204 1168 9,
1222 1127 1272 1168 10,
1292 1127 1404 1158 Trans.
1416 1126 1475 1168 fol.
1493 1127 1521 1158 2.

359 1191 410 1222 55.
435 1190 687 1221 Instrumentum
704 1185 862 1217 Willelmi
878 1184 917 1216 de
933 1183 1131 1224 Granystoun
1148 1182 1262 1214 notaui
1277 1181 1316 1213 de
1331 1185 1531 1223 transumpto
1547 1185 1704 1214 cartarum
1727 1193 1795 1223 pre—

487 1242 666 1275 cedentium
681 1252 736 1283 per
751 1251 782 1272 se
797 1240 891 1280 facto,
908 1238 1102 1279 1399-1400,
1119 1237 1226 1270 Char&
1238 1238 1299 1279 fol.
1317 1239 1369 1278 25,
1388 1237 1503 1268 Τφαηε.
1511 1238 1550 1279 ff.
1570 1238 1686 1277 14,15.

359 1301 408 1333 56.
433 1300 665 1331 Tenementum
680 1297 719 1328 de
735 1295 869 1336 Lauder,
887 1295 983 1326 1426-
985 1294 1014 1334 7,
1032 1292 1140 1326 Chart.
1149 1293 1188 1334 ff.
1207 1293 1258 1333 26,
1274 1292 1327 1333 27,
1346 1293 1460 1325 Trans.
1469 1292 1531 1333 fol.
1550 1294 1598 1324 15.
1646 1319 1652 1323 .

360 1355 408 1388 57
433 1355 662 1386 Tenementum
677 1352 716 1384 de
738 1350 960 1391 Mussilburch,
978 1349 1071 1390 1444,
1089 1348 1196 1381 chart.
1214 1348 1275 1389 fol.
1300 1347 1343 1380 27
1360 1347 1539 1389 (lacerato),
1560 1348 1670 1380 Tanns
1687 1349 1726 1389 ff.
1746 1349 1795 1389 15,

489 1410 675 1441 16..
1505 1429 1510 1434 .

361 1469 411 1499 58
436 1466 503 1497 The
518 1463 673 1496 annuellis
687 1466 863 1505 pertenyng
878 1465 910 1493 to
927 1460 1037 1500 Soltre,
1052 1470 1092 1490 no
1109 1459 1190 1500 date,
1210 1458 1324 1490 Trans.
1332 1458 1392 1499 fol
1413 1458 1461 1491 17.
1507 1485 1511 1490 .

1828 407 1863 438 P.
1881 409 1919 438 41

1884 517 1924 548 ib.

1882 629 1923 659 42

1881 795 1922 825 43

1881 907 1924 937 44

1882 1018 1923 1048 46

1881 1128 1921 1158 ib.

1881 1239 1923 1270 48

1882 1295 1919 1325 51

1882 1407 1924 1438 52

1882 1462 1923 1493 53
