2147 2964
398 822 712 871 ECCLESIA
757 823 1166 872 COLLEGIATA
1209 825 1290 873 DE
1334 827 1654 876 DALKETH.

241 1197 448 1247 [Fundacio
467 1199 621 1235 ecclesie
641 1199 835 1247 collegiate
855 1198 959 1235 Beati
981 1198 1154 1234 Nicholai
1175 1200 1220 1234 de
1240 1200 1434 1249 Dalketh]

133 1338 177 1370 lO
246 1317 296 1374 IN
317 1339 462 1375 laudem
481 1346 517 1375 et
534 1339 710 1375 honorem
726 1339 800 1375 Dei
818 1346 854 1375 et
867 1339 1019 1375 Domini
1038 1339 1151 1374 nostri
1166 1340 1301 1376 Jehesu
1323 1341 1457 1378 Christi
1478 1343 1582 1379 beate
1602 1350 1638 1379 et
1655 1344 1810 1392 gloriose

242 1407 392 1455 virginis
412 1407 531 1443 Mai-ie
552 1408 657 1443 Beati
677 1407 863 1443 Nieholaii
891 1407 1051 1455 episcopi
1080 1413 1116 1443 et
1144 1407 1353 1444 confessoris
1373 1415 1408 1445 et
1428 1411 1588 1446 omnium
1608 1412 1809 1448 sanctorum

240 1488 305 1510 nos
323 1475 349 1511 J
351 1476 486 1511 acobus
504 1476 550 1511 de
566 1475 733 1523 Douglas
751 1476 920 1511 dominus
947 1476 992 1511 de
1011 1475 1176 1511 Dalketh
1204 1476 1300 1512 infra
1320 1478 1613 1514 vicecomitatum
1633 1481 1678 1515 de
1697 1481 1808 1516 Edin-

233 1544 351 1592 burgh
373 1544 636 1581 Sanctiandree
654 1544 837 1579 dioceseos
864 1549 1010 1580 matura
1036 1543 1306 1579 deliberacione
1334 1545 1526 1592 prehabita
1550 1559 1630 1582 cum
1654 1549 1807 1583 auctori-

237 1619 311 1647 tate
342 1611 538 1647 reuerendi
569 1612 607 1646 in
641 1611 787 1648 Christo
819 1612 933 1659 patris
968 1624 1011 1647 ac
1043 1612 1180 1646 domini
1215 1612 1354 1647 domini
1390 1613 1544 1649 Henrici
1578 1615 1806 1662 permissione

236 1680 363 1715 diuina
381 1680 538 1727 episcopi
561 1679 821 1716 Sanffiandree
848 1681 894 1715 de
922 1680 1094 1716 consensu
1123 1685 1158 1714 et
1178 1679 1313 1714 assensu
1332 1680 1469 1715 domini
1489 1680 1619 1717 Jacobi
1641 1683 1685 1718 de
1705 1683 1805 1719 Dou-

234 1748 313 1796 glas
331 1748 457 1784 militis
475 1748 710 1795 primogeniti
730 1754 766 1784 ct
792 1748 938 1784 heredis
965 1747 1078 1783 nostri
1106 1747 1152 1782 ad
1179 1754 1391 1795 perpetuam
1420 1749 1473 1783 rei
1500 1750 1713 1785 memoriam
1739 1764 1804 1798 pro

234 1817 328 1851 bone
347 1817 520 1851 memorie
539 1815 665 1851 Dauid
682 1816 834 1851 Roberti
862 1823 898 1851 et
916 1815 1067 1851 Roberti
1095 1815 1385 1862 predecessorum
1414 1823 1449 1852 et
1472 1817 1708 1854 successorum
1728 1820 1803 1855 suo-

234 1898 314 1920 rum
345 1897 474 1932 regum
508 1883 635 1920 Scocie
667 1884 803 1920 domini
834 1884 1016 1920 Johannis
1048 1884 1093 1919 dc
1127 1884 1292 1932 Douglas
1324 1885 1447 1920 militis
1479 1886 1591 1932 patris
1623 1887 1734 1922 nostri
1768 1895 1803 1923 et

234 1954 380 1989 domine
396 1953 552 2001 Agnetis
571 1953 699 1988 matris
717 1953 839 1988 nostre
858 1953 996 1988 domini
1011 1951 1190 1987 Willelmi
1209 1952 1253 1987 de
1270 1951 1436 2000 Douglas
1454 1954 1591 1989 domini
1610 1954 1739 1990 wallis
1759 1957 1802 1990 de

234 2022 384 2058 Lcdalle
404 2022 575 2058 auunculi
595 2022 708 2057 nostri
728 2028 763 2057 et
783 2021 902 2057 Marie
929 2021 1002 2056 filie
1029 2020 1089 2055 sue
1108 2020 1266 2066 Agnetis
1295 2021 1408 2056 eciam
1438 2028 1473 2057 ct
1492 2022 1622 2070 Egidic
1649 2036 1800 2059 uxorum

233 2090 438 2125 nostrarum
457 2089 638 2125 Johannis
658 2089 812 2125 Henrici
831 2088 956 2124 militis
976 2088 1119 2124 Thome
1147 2094 1182 2124 et
1201 2088 1374 2124 Nicholai
1399 2090 1443 2125 de
1462 2089 1629 2137 Douglas
1648 2092 1800 2127 fratrum

233 2158 437 2193 nostrorum
463 2157 645 2193 Johannis
675 2158 719 2192 de
746 2157 912 2204 Douglas
942 2156 1005 2191 filii
1037 2157 1150 2191 nostri
1179 2156 1295 2192 Elene
1327 2164 1363 2193 et
1396 2157 1605 2205 Mergaretc
1636 2160 1797 2195 sororum

234 2226 437 2261 nostrarum
457 2231 493 2261 et
512 2225 671 2260 omnium
699 2225 860 2260 fidelium
888 2224 1139 2260 defunetorum
1169 2225 1372 2260 animarum
1400 2226 1512 2262 salute
1532 2240 1573 2262 ac
1592 2240 1656 2275 pro
1676 2229 1799 2265 nostra

233 2300 269 2329 et
297 2293 527 2329 dominorum
554 2293 685 2329 Jacobi
716 2292 893 2328 willelmi
925 2298 961 2328 ct
988 2292 1119 2328 Jacobi
1150 2293 1304 2329 militum
1336 2294 1493 2330 filiorum
1525 2297 1730 2333 nostrorum
1763 2306 1798 2333 ct

232 2361 388 2397 filiarum
408 2360 612 2396 nostrarum
632 2374 674 2396 ac
694 2361 853 2396 omnium
882 2360 1036 2396 aliorum
1056 2362 1100 2397 dc
1120 2375 1273 2410 corpore
1302 2364 1424 2398 nostro
1444 2371 1717 2411 procreatorum
1739 2369 1796 2402 uel

231 2430 541 2477 procreandorum
569 2441 611 2464 ac
639 2429 774 2464 domini
795 2429 971 2465 Willelmi
991 2429 1035 2464 de
1056 2429 1221 2477 Douglas
1249 2421 1375 2467 fratris
1392 2432 1503 2467 nostri
1523 2433 1646 2469 militis
1666 2442 1701 2471 ct
1721 2436 1795 2471 suo-

969 2500 990 2532 2
1012 2510 1032 2532 R
