2147 2964
111 1627 156 1657 58

495 294 706 331 SANCTE
736 295 1051 331 TRINITATIS
1078 295 1149 330 DE
1179 295 1514 332 EDINBURGH.
1724 300 1792 335 119

221 392 326 427 andri
349 391 574 428 Creichtoun
595 393 658 428 filii
679 399 715 428 et
741 393 886 429 heredis
906 393 1112 442 apparentis
1130 393 1306 429 Willelmi
1329 394 1554 430 Crcichtoun
1574 395 1619 430 de
1639 394 1789 442 Drylaw

220 489 227 495 .
247 488 252 493 .
272 490 277 495 .
298 460 519 496 hereditarie
545 467 581 496 et
599 474 688 508 quas
707 489 713 494 .
732 489 737 495 .
757 489 762 494 .
783 462 877 497 idem
899 490 904 495 .
924 490 929 495 .
949 490 954 496 .
974 461 1173 509 ressgnauit
1192 489 1197 495 .
1217 489 1222 495 .
1242 490 1247 495 .
1269 462 1467 498 Tenendas
1485 491 1490 496 .
1511 492 1516 497 .
1536 492 1541 497 .
1562 463 1713 510 prefatis
1732 492 1737 498 .
1757 492 1762 496 .
1782 493 1789 498 .

221 534 257 563 et
271 528 467 564 heredibus
486 528 653 563 masculis
673 529 768 564 inter
787 529 879 576 ipsos
898 557 903 563 .
923 557 929 563 .
948 557 954 562 .
973 530 1175 576 procreatis
1194 558 1199 563 .
1219 558 1225 563 .
1244 558 1250 564 .
1270 531 1402 576 quibus
1417 531 1669 566 deficientibus
1688 531 1790 565 here—

221 596 327 631 dibus
354 595 520 631 masculis
548 596 592 630 de
620 608 772 643 corpore
799 595 907 643 ipsius
934 597 1097 644 magistri
1125 597 1280 632 Dauidis
1299 626 1304 631 .
1324 626 1330 631 .
1350 626 1355 631 .
1376 599 1506 644 quibus
1537 599 1789 634 deficientibus

221 664 353 699 seniori
382 663 558 698 heredum
583 664 726 698 suarum
750 664 989 699 feminearum
1015 665 1146 711 absque
1174 664 1351 700 diuifione
1379 666 1510 712 quibus
1535 666 1788 702 deficientibus

222 732 408 766 Willelmo
438 730 570 766 Rollok
601 732 705 766 fratri
735 732 893 767 naturali
927 732 1009 767 dicti
1043 733 1206 779 magistri
1238 732 1396 768 Dauidis
1429 739 1464 768 et
1496 734 1691 769 heredibus
1722 735 1790 769 suis

219 800 386 836 masculis
422 799 697 847 quibuscunque
716 828 722 833 .
742 827 747 833 .
767 828 772 833 .
793 799 997 835 Reddendo
1032 800 1118 835 inde
1150 800 1338 835 annuatim
1358 829 1363 834 .
1383 829 1388 835 .
1407 828 1413 834 .
1433 802 1605 837 summam
1638 803 1790 849 triginta

218 871 298 904 octo
334 881 540 904 marcarum
564 896 570 902 .
598 897 604 902 .
632 897 637 902 .
668 867 789 904 Scotie
817 897 822 902 .
851 897 858 903 .
887 897 892 903 .
921 868 1105 903 reseruato
1141 868 1257 904 libero
1294 874 1526 905 tenemento.
1551 899 1557 905 .
1578 898 1583 904 .
1607 869 1790 905 Willelmo

220 937 445 973 Creichtoun
474 937 519 972 de
546 936 701 984 Drylaw
729 949 796 984 pro
815 965 820 971 .
840 966 845 971 .
865 965 871 971 .
892 943 1056 984 tempore
1085 936 1158 972 vite
1181 965 1186 970 .
1206 965 1212 970 .
1233 966 1238 971 .
1267 939 1288 971 4
1316 936 1421 972 Junii
1452 939 1548 974 1556
1566 967 1572 972 .
1591 966 1596 971 .
1616 967 1622 973 .
1643 938 1790 974 testibus

217 1005 390 1053 magistro
410 1004 573 1040 Roberto
594 1004 736 1039 Hereot
755 1005 800 1039 de
819 1004 1012 1053 Lymphoy
1035 1005 1180 1040 Thoma
1201 1004 1399 1041 Swentoun
1418 1005 1584 1041 Henrico
1606 1005 1735 1054 Smyth
1755 1013 1789 1041 et

218 1073 405 1109 Willelmo
425 1072 554 1121 Smyth
575 1086 656 1109 cum
678 1072 829 1108 diuersis
849 1073 929 1108 aliis
947 1103 952 1109 .
973 1102 978 1108 .
998 1102 1003 1107 .
1026 1073 1211 1121 Georgius
1232 1072 1485 1121 Clappertoun
1511 1074 1712 1122 prepositus
1732 1103 1737 1108 .
1756 1103 1761 1108 .
1783 1105 1787 1109 .

217 1141 386 1176 dominus
406 1141 622 1176 Alexander
642 1140 864 1188 Henrysoun
893 1141 1063 1188 magister
1086 1141 1273 1189 hospitalis
1292 1170 1297 1176 .
1317 1171 1323 1176 .
1342 1170 1348 1176 .
1368 1142 1536 1178 dominus
1556 1143 1682 1179 Dauid
1703 1143 1789 1191 Sym

220 1237 227 1244 .
247 1239 252 1244 .
272 1238 278 1244 .
298 1209 466 1244 dominus
492 1208 656 1244 Jacobus
685 1208 826 1256 Wycht
844 1236 849 1242 .
869 1237 875 1243 .
894 1237 899 1243 .
920 1209 1088 1244 dominus
1114 1209 1279 1245 Joannes
1310 1210 1527 1258 Bannatyne
1546 1239 1551 1244 .
1571 1239 1576 1245 .
1597 1240 1602 1246 .
1622 1212 1790 1247 dominus

219 1277 428 1312 VVillelmus
448 1276 652 1324 Yhoungar
670 1305 675 1311 .
696 1304 701 1309 .
720 1305 726 1310 .
747 1276 914 1311 dominus
940 1277 967 1312 J
969 1290 1105 1313 oannes
1131 1277 1353 1326 Lynlythgw
1373 1307 1378 1312 .
1397 1307 1402 1312 .
1423 1308 1428 1312 .
1449 1278 1621 1326 magister
1640 1279 1789 1315 Marcus

220 1345 357 1380 Lambe
376 1374 381 1379 .
401 1374 405 1378 .
429 1373 436 1380 .
457 1344 622 1379 Joannes
643 1343 907 1379 Manderstoun
930 1371 937 1379 .
960 1371 968 1379 .
991 1373 998 1380 .

222 1492 415 1529 Ass'edacio
436 1492 571 1527 vicarie
591 1491 635 1526 de
655 1491 801 1526 VVemis.

221 1601 346 1654 TAcK
375 1617 415 1651 of
439 1615 500 1651 the
520 1615 690 1661 vicarage
719 1615 759 1650 of
782 1615 859 1650 Eist
878 1614 1006 1650 Vemis
1035 1616 1093 1662 [ut
1112 1616 1217 1663 supra
1238 1615 1309 1651 No.
1330 1616 1392 1664 53]
1415 1617 1471 1651 for
1490 1616 1661 1652 nineteen
1681 1630 1787 1665 years

221 1687 268 1733 by
290 1685 382 1733 Scyr
405 1684 552 1731 George
574 1682 825 1730 Clappertoun
854 1683 926 1718 and
954 1683 1105 1730 chapter
1132 1689 1169 1718 to
1188 1683 1313 1719 Jamcs
1333 1683 1459 1719 Vernis
1487 1683 1600 1720 Janet
1631 1684 1788 1733 Murray

222 1754 278 1788 his
306 1753 387 1788 wife
416 1751 512 1788 their
539 1751 636 1786 heirs
663 1751 735 1785 and
762 1750 935 1799 affignees
955 1772 962 1778 ·
982 1750 1126 1798 Paying
1152 1753 1280 1799 yearly
1308 1755 1355 1787 80
1381 1752 1503 1787 marks
1531 1752 1635 1788 Scots
1662 1759 1698 1788 to
1728 1753 1787 1788 the

221 1823 368 1870 provost
387 1821 459 1857 and
478 1823 526 1856 20
544 1820 665 1854 marks
685 1825 721 1854 to
741 1819 801 1855 the
822 1820 921 1855 vicar
938 1819 1129 1867 pensionar
1148 1820 1188 1854 of
1202 1819 1329 1855 Vernis
1349 1841 1355 1847 —
1377 1823 1421 1855 14
1440 1820 1538 1856 June
1561 1820 1667 1856 1556.

223 1971 440 2018 Preceptum
460 1968 571 2004 safine
594 1966 762 2003 Willelmi
783 1967 1009 2003 Hamiltoun.

221 2077 480 2131 PRECEPTUM
507 2093 619 2128 satine
641 2104 706 2139 per
725 2090 912 2125 dominum
931 2090 1183 2125 Alexandrum
1204 2089 1423 2137 Henrysoun
1444 2090 1652 2137 magistrum
1672 2090 1788 2137 hospi—

225 2162 307 2198 talis
328 2161 460 2198 Sancte
481 2160 673 2196 Trinitatis
700 2159 737 2193 in
766 2158 929 2193 fauorem
950 2157 1126 2193 Willelmi
1155 2157 1369 2193 Hamiltoun
1398 2158 1435 2192 in
1462 2157 1509 2193 lie
1531 2158 1682 2205 Grange
1711 2165 1787 2194 tan-

226 2242 334 2277 quam
360 2229 425 2264 filii
452 2234 488 2264 et
514 2228 660 2263 heredis
687 2226 870 2274 quondam
896 2225 1100 2261 Alexandri
1132 2225 1345 2261 Hamiltoun
1373 2226 1417 2260 de
1438 2225 1589 2273 Grange
1613 2226 1657 2261 de
1681 2227 1789 2261 terris

227 2297 412 2345 wlgariter
439 2296 544 2332 dietis
581 2293 848 2341 Soltraylandis
876 2294 1075 2329 iacentibus
1103 2293 1198 2328 infra
1227 2293 1516 2328 vicecomitatum
1545 2294 1589 2328 de
1621 2293 1787 2342 Linlyth-

229 2378 331 2412 quow
352 2386 358 2394 ·
382 2368 422 2399 11
446 2362 663 2399 Decembris
687 2362 789 2397 1556.
