2147 2964
323 299 394 335 ‘264
695 298 874 335 CARTE
901 296 1154 334 ECCLESIE
1184 295 1528 335 COLLEGIATE

324 466 397 502 Pro
417 465 579 501 Domino
597 464 771 501 Johanne
791 464 1008 500 Andersone
1029 464 1231 512 capellano.

324 587 537 640 Vmsnuo
565 608 696 650 quarto
723 603 783 638 die
810 602 941 638 mensis
966 601 1138 638 Januarii
1166 613 1263 636 anno
1282 599 1435 635 Domini
1463 600 1497 635 i¹¹¹
1524 603 1557 635 νο
1584 600 1667 635 xvim
1694 599 1901 636 indiccione

325 672 453 720 quinta
479 672 712 719 pontificatus
739 671 879 706 domini
906 670 1020 706 nostri
1046 669 1180 706 Leonis
1210 669 1338 704 diuina
1371 668 1613 716 prouidencia
1644 681 1737 716 pape
1769 669 1901 704 decimi

325 754 421 777 anno
441 746 570 787 quarto
588 740 627 775 in
647 740 717 775 mei
744 739 880 775 notarii
906 739 1043 787 publici
1071 744 1107 774 et
1134 737 1281 774 testium
1308 737 1591 785 subscriptorum
1618 737 1804 785 presencia
1821 750 1901 784 per-

324 808 497 844 sonaliter
516 807 660 844 acceffit
686 807 911 842 honorabilis
930 807 986 842 vir
1004 807 1195 843 Johannes
1214 806 1341 841 Irland
1364 818 1456 840 Vnus
1483 805 1703 841 balliuorum
1730 806 1836 853 burgi
1857 806 1901 840 dc

325 877 543 925 Edinburgh
571 877 618 912 ad
645 882 895 912 tenementum
922 881 1019 911 terre
1046 874 1209 922 magistri
1234 873 1361 909 Dauid
1380 873 1501 910 Vocat
1528 872 1690 921 magistri
1719 873 1902 909 Gramati-

326 946 416 982 calis
447 944 553 982 Scole
585 944 791 980 huiusmodi
822 944 930 992 burgi
962 944 1084 979 iacens
1115 944 1154 979 in
1185 943 1283 978 dieto
1314 943 1432 990 burgo
1464 942 1502 977 in
1529 942 1665 978 vinella
1691 942 1901 977 sanfflffime

326 1014 472 1050 domine
491 1013 614 1049 nostre
633 1013 788 1061 virginis
808 1012 928 1048 Marie
956 1011 1107 1048 ecclefie
1135 1011 1328 1059 collegiate
1356 1011 1401 1046 de
1422 1010 1563 1058 Campo
1591 1023 1634 1045 ex
1662 1017 1764 1058 parte
1785 1011 1902 1045 orien-

326 1083 389 1119 tali
420 1081 591 1118 transitus
623 1082 782 1117 eiusdem
802 1102 809 1109 ·
838 1087 874 1117 et
906 1081 1043 1116 ibidem
1074 1080 1191 1116 (116ὶο3
1220 1079 1392 1126 magister
1419 1078 1545 1114 Dauid
1572 1079 1694 1114 Vocat
1722 1086 1835 1115 totam
1869 1087 1903 1114 et

325 1153 508 1200 integram
536 1152 634 1186 suam
666 1156 802 1186 terram
834 1149 1084 1185 continentem
1114 1148 1233 1184 aulam
1265 1160 1448 1183 cameram
1482 1148 1677 1194 coquinam
1709 1154 1745 1183 et
1777 1148 1903 1183 solium

325 1222 433 1268 supra
460 1233 541 1256 cum
570 1218 763 1267 posteriori
793 1219 901 1253 domo
929 1218 1025 1253 dioto
1052 1219 1084 1254 le
1111 1220 1287 1267 bakgalry
1315 1219 1474 1254 eiusdem
1509 1217 1659 1254 australi
1687 1217 1836 1252 cellario
1870 1225 1905 1252 et

326 1289 519 1337 posteriori
539 1289 647 1323 domo
671 1287 880 1322 immediate
908 1286 1092 1322 adiacenti
1120 1288 1217 1323 di&o
1245 1286 1396 1322 cellario
1416 1299 1573 1321 vnacum
1601 1286 1722 1320 media
1741 1285 1907 1320 clausura

327 1358 400 1394 siue
420 1356 572 1393 transitu
593 1369 635 1391 ac
654 1356 770 1391 libero
790 1355 944 1390 introitu
964 1361 999 1390 et
1019 1356 1119 1392 exitu
1139 1368 1219 1391 cum
1249 1354 1416 1390 omnibus
1442 1354 1511 1390 suis
1530 1353 1767 1401 pertinenciis
1787 1353 1906 1389 ascen-

329 1426 449 1462 dendo
468 1439 489 1461 a
507 1424 627 1460 medio
646 1423 791 1472 gabello
810 1423 954 1471 lapideo
974 1423 1011 1458 in
1031 1423 1262 1471 longitudine
1283 1423 1391 1470 vsque
1411 1423 1457 1458 ad
1480 1428 1616 1458 terram
1636 1422 1775 1457 domini
1795 1422 1908 1458 Alex-

329 1494 434 1530 andri
456 1493 605 1541 Coupar
626 1492 806 1541 capellani
835 1505 879 1528 ex
906 1498 1011 1539 parte
1038 1492 1187 1528 australi
1216 1492 1314 1527 inter
1333 1491 1441 1526 aliam
1468 1498 1606 1527 terram
1633 1490 1720 1526 diffi
1744 1490 1906 1538 magistri

329 1563 454 1599 Dauid
473 1562 595 1598 Vocat
614 1575 696 1597 cum
724 1567 847 1597 cetero
867 1560 1032 1596 clausure
1057 1561 1266 1608 pertinente
1286 1560 1381 1595 diae
1402 1559 1508 1596 Scole
1529 1572 1573 1594 ex
1592 1565 1696 1606 parte
1715 1559 1854 1595 boreali
1873 1566 1907 1594 et

328 1640 463 1668 terram
483 1631 669 1667 Francisci
688 1629 848 1666 Inchtok
875 1643 918 1665 ex
945 1636 1050 1677 parte
1079 1628 1249 1664 orientali
1276 1633 1313 1663 et
1340 1640 1569 1663 communem
1596 1626 1785 1662 tranfitum
1811 1627 1906 1662 (116ὶο

330 1701 464 1736 vinelle
488 1713 533 1736 ex
561 1699 784 1736 occidentali
813 1699 980 1746 partibus
1008 1699 1053 1734 ab
1081 1710 1153 1734 vna
1184 1702 1220 1732 et
1252 1696 1323 1732 alia
1348 1709 1415 1744 per
1443 1695 1710 1732 exhibicionem
1743 1701 1841 1731 terre
1873 1702 1908 1730 et

329 1769 461 1817 lapidis
480 1769 518 1804 in
537 1768 703 1804 manibus
723 1767 806 1804 diffi
833 1767 959 1803 balliui
987 1767 1125 1802 sursum
1152 1765 1316 1801 reddidit
1344 1777 1386 1800 ac
1405 1777 1494 1812 pure
1514 1770 1550 1799 et
1569 1763 1780 1811 fimpliciter
1798 1763 1905 1811 refig-

329 1838 432 1874 nauit
448 1857 455 1865 ·
475 1837 633 1872 Necnon
654 1836 799 1873 acceffit
818 1836 917 1871 idem
942 1835 1100 1871 balliuus
1128 1834 1319 1871 Johannes
1347 1833 1476 1869 Irland
1506 1833 1552 1868 ad
1578 1832 1783 1867 mansiones
1810 1832 1906 1866 dicte

330 1906 479 1943 eoeleste
511 1905 704 1953 collegiate
737 1905 851 1941 Beate
884 1903 1002 1940 Marie
1034 1903 1188 1951 virginis
1220 1903 1265 1938 de
1300 1901 1440 1949 Campo
1469 1923 1476 1930 -
1506 1907 1542 1936 et
1576 1901 1711 1936 ibidem
1744 1899 1906 1948 prefatus

330 1975 504 2023 magister
522 1973 649 2010 Dauid
668 1979 762 2009 totas
782 1979 817 2008 et
835 1973 999 2020 integras
1018 1971 1097 2007 suas
1117 1976 1274 2019 quatuor
1293 1970 1420 2006 domos
1446 1969 1610 2005 iacentes
1628 1969 1725 2004 inter
1744 1980 1906 2004 cameras

329 2043 657 2091 prebendariorum
681 2043 826 2077 suorum
846 2055 890 2077 ex
909 2047 1013 2089 parte
1032 2040 1181 2076 australi
1205 2045 1242 2075 et
1266 2051 1456 2075 commune
1482 2036 1684 2085 passagium
1705 2037 1904 2072 extendeus

331 2125 348 2147 a
378 2112 474 2147 diota
500 2111 653 2147 ecclelia
681 2111 877 2158 collegiata
904 2110 1018 2146 Beate
1046 2109 1167 2145 Marie
1195 2108 1348 2156 virginis
1378 2107 1486 2154 vsque
1514 2107 1561 2142 ad
1587 2106 1708 2141 locum
1734 2105 1905 2140 Fratrum

330 2179 609 2216 Predicatorum
628 2179 834 2214 huiusmodi
854 2178 961 2226 burgi
988 2190 1033 2214 ex
1054 2177 1195 2213 boreali
1214 2184 1250 2213 et
1269 2175 1491 2212 occidentali
1509 2174 1675 2223 partibus
1694 2180 1731 2209 et
1748 2173 1903 2208 mediam

330 2248 452 2283 fossam
472 2248 569 2284 inter
589 2248 793 2283 clausuram
812 2253 848 2282 et
867 2252 987 2282 ortum
1006 2259 1115 2293 quam
1134 2246 1250 2281 dietus
1268 2244 1441 2292 magister
1459 2243 1585 2278 Dauid
1604 2242 1713 2277 habet
1734 2242 1772 2276 in
1791 2239 1902 2275 mani-

331 2316 396 2351 bus
424 2316 492 2351 suis
521 2329 564 2352 ex
591 2322 696 2364 parte
724 2315 893 2351 orientali
921 2315 1102 2350 dictorum
1133 2321 1231 2351 terre
1258 2319 1294 2349 et
1320 2312 1453 2360 lapidis
1480 2324 1545 2360 per
1572 2309 1839 2346 exhibicionem
1864 2307 1901 2342 in

332 2384 497 2419 manibus
525 2384 774 2431 prenumerati
803 2383 930 2419 balliui
958 2383 1094 2419 sursum
1123 2382 1286 2418 reddidit
1314 2394 1357 2417 ac
1383 2393 1474 2428 pure
1502 2386 1538 2415 et
1565 2378 1772 2426 {impliciter
1795 2376 1903 2423 refig-

334 2451 436 2486 nauit
454 2471 461 2478 ·
481 2451 623 2494 Quibus
650 2451 961 2500 1·efignacionibus
989 2450 1037 2488 fic
1056 2457 1094 2487 vt
1117 2451 1341 2500 premittitur
1359 2449 1462 2485 faffis
1481 2447 1688 2496 singillatim
1708 2451 1743 2481 et
1762 2445 1902 2492 separa-
