<?xml version="1.0" encoding="UTF-8"?>
<!DOCTYPE html PUBLIC "-//W3C//DTD XHTML 1.0 Transitional//EN"
    "http://www.w3.org/TR/xhtml1/DTD/xhtml1-transitional.dtd">
<html xmlns="http://www.w3.org/1999/xhtml" xml:lang="en" lang="en">
 <head>
  <title>
</title>
<meta http-equiv="Content-Type" content="text/html;charset=utf-8" />
  <meta name='ocr-system' content='tesseract 3.04.00' />
  <meta name='ocr-capabilities' content='ocr_page ocr_carea ocr_par ocr_line ocrx_word'/>
</head>
<body>
  <div class='ocr_page' id='page_1' title='image "./registrumdomusde00lain_0241.png"; bbox 0 0 2147 2964; ppageno 0'>
   <div class='ocr_carea' id='block_1_1' title="bbox 531 281 1827 319">
    <p class='ocr_par' dir='ltr' id='par_1_1' title="bbox 531 281 1827 319">
     <span class='ocr_line' id='line_1_1' title="bbox 531 281 1827 319; baseline 0.001 -1"><span class='ocrx_word' id='word_1_1' title='bbox 531 281 742 319; x_wconf 87' lang='lat' dir='ltr'>SANCTE</span> <span class='ocrx_word' id='word_1_2' title='bbox 771 281 1090 319; x_wconf 87' lang='lat' dir='ltr'>TRINITATIS</span> <span class='ocrx_word' id='word_1_3' title='bbox 1116 282 1188 319; x_wconf 90' lang='lat' dir='ltr'>DE</span> <span class='ocrx_word' id='word_1_4' title='bbox 1215 282 1552 319; x_wconf 87' lang='lat' dir='ltr'><strong>EDINBURGH.</strong></span> <span class='ocrx_word' id='word_1_5' title='bbox 1781 284 1827 319; x_wconf 83' lang='lat'>65</span> 
     </span>
    </p>
   </div>
   <div class='ocr_carea' id='block_1_2' title="bbox 252 381 1829 2532">
    <p class='ocr_par' dir='ltr' id='par_1_2' title="bbox 252 381 1829 2532">
     <span class='ocr_line' id='line_1_2' title="bbox 257 381 1827 429; baseline 0.002 -14"><span class='ocrx_word' id='word_1_6' title='bbox 257 381 423 416; x_wconf 88' lang='lat' dir='ltr'>moderni</span> <span class='ocrx_word' id='word_1_7' title='bbox 443 383 701 429; x_wconf 82' lang='lat' dir='ltr'>consanguinei</span> <span class='ocrx_word' id='word_1_8' title='bbox 721 382 834 418; x_wconf 89' lang='lat' dir='ltr'>nostri</span> <span class='ocrx_word' id='word_1_9' title='bbox 855 382 1022 418; x_wconf 82' lang='lat' dir='ltr'>cariffimi</span> <span class='ocrx_word' id='word_1_10' title='bbox 1050 387 1086 418; x_wconf 91' lang='lat' dir='ltr'>et</span> <span class='ocrx_word' id='word_1_11' title='bbox 1114 383 1275 418; x_wconf 92' lang='lat' dir='ltr'>omnium</span> <span class='ocrx_word' id='word_1_12' title='bbox 1309 382 1623 429; x_wconf 83' lang='lat' dir='ltr'>consanguinitate</span> <span class='ocrx_word' id='word_1_13' title='bbox 1653 382 1827 418; x_wconf 87' lang='lat' dir='ltr'>affinitate</span> 
     </span>
     <span class='ocr_line' id='line_1_3' title="bbox 256 448 1826 497; baseline 0.002 -14"><span class='ocrx_word' id='word_1_14' title='bbox 256 448 315 484; x_wconf 87' lang='lat' dir='ltr'>seu</span> <span class='ocrx_word' id='word_1_15' title='bbox 335 449 521 485; x_wconf 88' lang='lat' dir='ltr'>beneficiis</span> <span class='ocrx_word' id='word_1_16' title='bbox 541 451 645 485; x_wconf 91' lang='lat' dir='ltr'>nobis</span> <span class='ocrx_word' id='word_1_17' title='bbox 665 450 941 486; x_wconf 63' lang='lat' dir='ltr'>coniunfflmrum</span> <span class='ocrx_word' id='word_1_18' title='bbox 962 456 998 486; x_wconf 91' lang='lat' dir='ltr'>et</span> <span class='ocrx_word' id='word_1_19' title='bbox 1017 450 1178 486; x_wconf 91' lang='lat' dir='ltr'>omnium</span> <span class='ocrx_word' id='word_1_20' title='bbox 1198 463 1288 497; x_wconf 89' lang='lat' dir='ltr'>quos</span> <span class='ocrx_word' id='word_1_21' title='bbox 1308 451 1344 486; x_wconf 90' lang='lat' dir='ltr'>in</span> <span class='ocrx_word' id='word_1_22' title='bbox 1363 451 1432 486; x_wconf 83' lang='lat' dir='ltr'>hae</span> <span class='ocrx_word' id='word_1_23' title='bbox 1450 450 1525 486; x_wconf 89' lang='lat' dir='ltr'>vita</span> <span class='ocrx_word' id='word_1_24' title='bbox 1544 451 1761 486; x_wconf 87' lang='lat' dir='ltr'>offendimus</span> <span class='ocrx_word' id='word_1_25' title='bbox 1781 452 1826 486; x_wconf 86' lang='lat' dir='ltr'>ad</span> 
     </span>
     <span class='ocr_line' id='line_1_4' title="bbox 255 518 1825 565; baseline 0.001 -13"><span class='ocrx_word' id='word_1_26' title='bbox 255 529 410 562; x_wconf 87' lang='lat' dir='ltr'>quorum</span> <span class='ocrx_word' id='word_1_27' title='bbox 424 518 629 565; x_wconf 84' lang='lat' dir='ltr'>obligamur</span> <span class='ocrx_word' id='word_1_28' title='bbox 641 518 832 553; x_wconf 82' lang='lat' dir='ltr'>emendam</span> <span class='ocrx_word' id='word_1_29' title='bbox 849 531 891 553; x_wconf 84' lang='lat' dir='ltr'>ac</span> <span class='ocrx_word' id='word_1_30' title='bbox 907 518 1067 553; x_wconf 89' lang='lat' dir='ltr'>omnium</span> <span class='ocrx_word' id='word_1_31' title='bbox 1083 518 1245 553; x_wconf 87' lang='lat' dir='ltr'>fidelium</span> <span class='ocrx_word' id='word_1_32' title='bbox 1259 519 1514 553; x_wconf 59' lang='lat' dir='ltr'>defunfiwrum</span> <span class='ocrx_word' id='word_1_33' title='bbox 1530 531 1825 554; x_wconf 77' lang='lat' dir='ltr'>PREPOSITURAM</span> 
     </span>
     <span class='ocr_line' id='line_1_5' title="bbox 255 585 1826 633; baseline 0.001 -14"><span class='ocrx_word' id='word_1_34' title='bbox 255 597 322 631; x_wconf 91' lang='lat' dir='ltr'>pro</span> <span class='ocrx_word' id='word_1_35' title='bbox 341 585 522 632; x_wconf 87' lang='lat' dir='ltr'>preposito</span> <span class='ocrx_word' id='word_1_36' title='bbox 542 585 603 632; x_wconf 91' lang='lat' dir='ltr'>qui</span> <span class='ocrx_word' id='word_1_37' title='bbox 623 585 704 620; x_wconf 88' lang='lat' dir='ltr'>aliis</span> <span class='ocrx_word' id='word_1_38' title='bbox 731 585 768 620; x_wconf 91' lang='lat' dir='ltr'>in</span> <span class='ocrx_word' id='word_1_39' title='bbox 788 585 1063 632; x_wconf 89' lang='lat' dir='ltr'>preeminencia</span> <span class='ocrx_word' id='word_1_40' title='bbox 1080 586 1219 621; x_wconf 78' lang='lat' dir='ltr'>honore</span> <span class='ocrx_word' id='word_1_41' title='bbox 1239 592 1275 621; x_wconf 91' lang='lat' dir='ltr'>et</span> <span class='ocrx_word' id='word_1_42' title='bbox 1295 586 1475 633; x_wconf 77' lang='lat' dir='ltr'>dignitate</span> <span class='ocrx_word' id='word_1_43' title='bbox 1494 587 1529 621; x_wconf 93' lang='lat' dir='ltr'>in</span> <span class='ocrx_word' id='word_1_44' title='bbox 1550 585 1700 622; x_wconf 82' lang='lat' dir='ltr'>ecclesia</span> <span class='ocrx_word' id='word_1_45' title='bbox 1720 587 1826 622; x_wconf 88' lang='lat' dir='ltr'>colle-</span> 
     </span>
     <span class='ocr_line' id='line_1_6' title="bbox 253 651 1827 702; baseline 0.002 -15"><span class='ocrx_word' id='word_1_46' title='bbox 253 652 352 698; x_wconf 81' lang='lat' dir='ltr'>giata</span> <span class='ocrx_word' id='word_1_47' title='bbox 373 651 506 688; x_wconf 68' lang='lat' dir='ltr'>Sancte</span> <span class='ocrx_word' id='word_1_48' title='bbox 526 652 722 688; x_wconf 85' lang='lat' dir='ltr'>Trinitatis</span> <span class='ocrx_word' id='word_1_49' title='bbox 748 666 861 700; x_wconf 83' lang='lat' dir='ltr'>prope</span> <span class='ocrx_word' id='word_1_50' title='bbox 881 653 1100 698; x_wconf 69' lang='lat' dir='ltr'>Edinburgh</span> <span class='ocrx_word' id='word_1_51' title='bbox 1120 654 1241 700; x_wconf 88' lang='lat' dir='ltr'>quoad</span> <span class='ocrx_word' id='word_1_52' title='bbox 1269 654 1372 688; x_wconf 87' lang='lat' dir='ltr'>chori</span> <span class='ocrx_word' id='word_1_53' title='bbox 1397 659 1432 688; x_wconf 89' lang='lat' dir='ltr'>et</span> <span class='ocrx_word' id='word_1_54' title='bbox 1451 653 1568 688; x_wconf 86' lang='lat' dir='ltr'>diuini</span> <span class='ocrx_word' id='word_1_55' title='bbox 1595 654 1714 689; x_wconf 88' lang='lat' dir='ltr'>cultus</span> <span class='ocrx_word' id='word_1_56' title='bbox 1733 655 1827 702; x_wconf 87' lang='lat' dir='ltr'>regi-</span> 
     </span>
     <span class='ocr_line' id='line_1_7' title="bbox 254 720 1827 769; baseline 0.001 -14"><span class='ocrx_word' id='word_1_57' title='bbox 254 732 336 755; x_wconf 89' lang='lat' dir='ltr'>men</span> <span class='ocrx_word' id='word_1_58' title='bbox 355 726 581 767; x_wconf 88' lang='lat' dir='ltr'>preponetur</span> <span class='ocrx_word' id='word_1_59' title='bbox 599 726 635 756; x_wconf 89' lang='lat' dir='ltr'>et</span> <span class='ocrx_word' id='word_1_60' title='bbox 654 723 734 756; x_wconf 60' lang='lat' dir='ltr'>ofito</span> <span class='ocrx_word' id='word_1_61' title='bbox 761 721 957 769; x_wconf 86' lang='lat' dir='ltr'>prebendis</span> <span class='ocrx_word' id='word_1_62' title='bbox 983 721 1170 768; x_wconf 85' lang='lat' dir='ltr'>perpetuis</span> <span class='ocrx_word' id='word_1_63' title='bbox 1198 721 1236 756; x_wconf 91' lang='lat' dir='ltr'>in</span> <span class='ocrx_word' id='word_1_64' title='bbox 1264 720 1396 767; x_wconf 91' lang='lat' dir='ltr'>quibus</span> <span class='ocrx_word' id='word_1_65' title='bbox 1424 723 1503 755; x_wconf 53' lang='lat' dir='ltr'>osto</span> <span class='ocrx_word' id='word_1_66' title='bbox 1522 721 1725 769; x_wconf 86' lang='lat' dir='ltr'>presbyteri</span> <span class='ocrx_word' id='word_1_67' title='bbox 1744 721 1827 756; x_wconf 87' lang='lat' dir='ltr'>Deo</span> 
     </span>
     <span class='ocr_line' id='line_1_8' title="bbox 253 788 1828 836; baseline 0.001 -13"><span class='ocrx_word' id='word_1_68' title='bbox 253 794 430 836; x_wconf 88' lang='lat' dir='ltr'>perpetuo</span> <span class='ocrx_word' id='word_1_69' title='bbox 461 788 749 825; x_wconf 87' lang='lat' dir='ltr'>administraturi</span> <span class='ocrx_word' id='word_1_70' title='bbox 782 802 863 824; x_wconf 91' lang='lat' dir='ltr'>cum</span> <span class='ocrx_word' id='word_1_71' title='bbox 896 789 1037 824; x_wconf 85' lang='lat' dir='ltr'>duobus</span> <span class='ocrx_word' id='word_1_72' title='bbox 1074 789 1195 836; x_wconf 89' lang='lat' dir='ltr'>pueris</span> <span class='ocrx_word' id='word_1_73' title='bbox 1232 788 1304 824; x_wconf 90' lang='lat' dir='ltr'>siue</span> <span class='ocrx_word' id='word_1_74' title='bbox 1338 789 1479 825; x_wconf 82' lang='lat' dir='ltr'>clericis</span> <span class='ocrx_word' id='word_1_75' title='bbox 1516 802 1597 825; x_wconf 88' lang='lat' dir='ltr'>cum</span> <span class='ocrx_word' id='word_1_76' title='bbox 1633 791 1828 826; x_wconf 84' lang='lat' dir='ltr'>sufficiente</span> 
     </span>
     <span class='ocr_line' id='line_1_9' title="bbox 252 856 1829 905; baseline 0.001 -13"><span class='ocrx_word' id='word_1_77' title='bbox 252 858 426 904; x_wconf 84' lang='lat' dir='ltr'>porcione</span> <span class='ocrx_word' id='word_1_78' title='bbox 453 857 605 892; x_wconf 87' lang='lat' dir='ltr'>inferius</span> <span class='ocrx_word' id='word_1_79' title='bbox 637 856 860 905; x_wconf 82' lang='lat' dir='ltr'>designanda</span> <span class='ocrx_word' id='word_1_80' title='bbox 891 857 1167 904; x_wconf 87' lang='lat' dir='ltr'>deputabuntur</span> <span class='ocrx_word' id='word_1_81' title='bbox 1197 858 1352 893; x_wconf 86' lang='lat' dir='ltr'>facimus</span> <span class='ocrx_word' id='word_1_82' title='bbox 1384 858 1637 893; x_wconf 87' lang='lat' dir='ltr'>constituimus</span> <span class='ocrx_word' id='word_1_83' title='bbox 1667 864 1702 894; x_wconf 90' lang='lat' dir='ltr'>et</span> <span class='ocrx_word' id='word_1_84' title='bbox 1734 859 1829 894; x_wconf 87' lang='lat' dir='ltr'>ordi-</span> 
     </span>
     <span class='ocr_line' id='line_1_10' title="bbox 254 925 1828 974; baseline 0.001 -14"><span class='ocrx_word' id='word_1_85' title='bbox 254 938 382 961; x_wconf 84' lang='lat' dir='ltr'>namus</span> <span class='ocrx_word' id='word_1_86' title='bbox 408 938 451 961; x_wconf 86' lang='lat' dir='ltr'>ac</span> <span class='ocrx_word' id='word_1_87' title='bbox 478 926 515 961; x_wconf 92' lang='lat' dir='ltr'>in</span> <span class='ocrx_word' id='word_1_88' title='bbox 542 932 760 974; x_wconf 87' lang='lat' dir='ltr'>perpetuum</span> <span class='ocrx_word' id='word_1_89' title='bbox 790 926 985 961; x_wconf 84' lang='lat' dir='ltr'>fundamus</span> <span class='ocrx_word' id='word_1_90' title='bbox 1004 947 1011 954; x_wconf 93' lang='lat'><strong>·</strong></span> <span class='ocrx_word' id='word_1_91' title='bbox 1032 925 1302 973; x_wconf 84' lang='lat' dir='ltr'>Preposituram</span> <span class='ocrx_word' id='word_1_92' title='bbox 1324 939 1411 961; x_wconf 90' lang='lat' dir='ltr'>vero</span> <span class='ocrx_word' id='word_1_93' title='bbox 1431 927 1525 962; x_wconf 57' lang='lat' dir='ltr'>dicte</span> <span class='ocrx_word' id='word_1_94' title='bbox 1551 926 1701 962; x_wconf 77' lang='lat' dir='ltr'>ecclesie</span> <span class='ocrx_word' id='word_1_95' title='bbox 1721 927 1828 962; x_wconf 86' lang='lat' dir='ltr'>colle-</span> 
     </span>
     <span class='ocr_line' id='line_1_11' title="bbox 253 993 1828 1042; baseline 0.001 -13"><span class='ocrx_word' id='word_1_96' title='bbox 253 995 351 1041; x_wconf 81' lang='lat' dir='ltr'>giate</span> <span class='ocrx_word' id='word_1_97' title='bbox 373 993 504 1030; x_wconf 65' lang='lat' dir='ltr'>San&amp;e</span> <span class='ocrx_word' id='word_1_98' title='bbox 525 995 719 1031; x_wconf 82' lang='lat' dir='ltr'>Trinitatis</span> <span class='ocrx_word' id='word_1_99' title='bbox 747 1007 862 1042; x_wconf 90' lang='lat' dir='ltr'>prope</span> <span class='ocrx_word' id='word_1_100' title='bbox 884 994 1101 1041; x_wconf 84' lang='lat' dir='ltr'>Edinburgh</span> <span class='ocrx_word' id='word_1_101' title='bbox 1130 994 1237 1042; x_wconf 86' lang='lat' dir='ltr'>super</span> <span class='ocrx_word' id='word_1_102' title='bbox 1255 994 1432 1030; x_wconf 65' lang='lat' dir='ltr'>fru&amp;ibus</span> <span class='ocrx_word' id='word_1_103' title='bbox 1459 994 1613 1030; x_wconf 88' lang='lat' dir='ltr'>inferius</span> <span class='ocrx_word' id='word_1_104' title='bbox 1633 995 1828 1042; x_wconf 84' lang='lat' dir='ltr'>designatis</span> 
     </span>
     <span class='ocr_line' id='line_1_12' title="bbox 255 1062 1828 1111; baseline 0 -13"><span class='ocrx_word' id='word_1_105' title='bbox 255 1076 335 1098; x_wconf 86' lang='lat' dir='ltr'>cum</span> <span class='ocrx_word' id='word_1_106' title='bbox 356 1063 634 1099; x_wconf 87' lang='lat' dir='ltr'>modificacione</span> <span class='ocrx_word' id='word_1_107' title='bbox 653 1063 817 1111; x_wconf 85' lang='lat' dir='ltr'>sequenti</span> <span class='ocrx_word' id='word_1_108' title='bbox 844 1065 1061 1111; x_wconf 83' lang='lat' dir='ltr'>deputamus</span> <span class='ocrx_word' id='word_1_109' title='bbox 1088 1068 1124 1098; x_wconf 87' lang='lat' dir='ltr'>et</span> <span class='ocrx_word' id='word_1_110' title='bbox 1143 1062 1361 1110; x_wconf 79' lang='lat' dir='ltr'>aflignamus</span> <span class='ocrx_word' id='word_1_111' title='bbox 1382 1086 1389 1093; x_wconf 90' lang='lat'>-</span> <span class='ocrx_word' id='word_1_112' title='bbox 1407 1062 1616 1110; x_wconf 89' lang='lat' dir='ltr'>Prepositus</span> <span class='ocrx_word' id='word_1_113' title='bbox 1636 1076 1723 1098; x_wconf 87' lang='lat' dir='ltr'>vero</span> <span class='ocrx_word' id='word_1_114' title='bbox 1743 1064 1828 1099; x_wconf 58' lang='lat' dir='ltr'>dieti</span> 
     </span>
     <span class='ocr_line' id='line_1_13' title="bbox 255 1131 1829 1179; baseline 0.001 -13"><span class='ocrx_word' id='word_1_115' title='bbox 255 1131 400 1179; x_wconf 81' lang='lat' dir='ltr'>collegii</span> <span class='ocrx_word' id='word_1_116' title='bbox 427 1131 574 1168; x_wconf 85' lang='lat' dir='ltr'>habebit</span> <span class='ocrx_word' id='word_1_117' title='bbox 600 1145 668 1179; x_wconf 90' lang='lat' dir='ltr'>pro</span> <span class='ocrx_word' id='word_1_118' title='bbox 696 1133 758 1168; x_wconf 90' lang='lat' dir='ltr'>sua</span> <span class='ocrx_word' id='word_1_119' title='bbox 784 1132 1049 1168; x_wconf 86' lang='lat' dir='ltr'>sustentacione</span> <span class='ocrx_word' id='word_1_120' title='bbox 1078 1132 1266 1168; x_wconf 86' lang='lat' dir='ltr'>ecclesiam</span> <span class='ocrx_word' id='word_1_121' title='bbox 1295 1133 1340 1168; x_wconf 88' lang='lat' dir='ltr'>de</span> <span class='ocrx_word' id='word_1_122' title='bbox 1370 1131 1491 1168; x_wconf 88' lang='lat' dir='ltr'>Soltre</span> <span class='ocrx_word' id='word_1_123' title='bbox 1512 1138 1548 1168; x_wconf 86' lang='lat' dir='ltr'>et</span> <span class='ocrx_word' id='word_1_124' title='bbox 1566 1132 1698 1168; x_wconf 90' lang='lat' dir='ltr'>subibit</span> <span class='ocrx_word' id='word_1_125' title='bbox 1717 1145 1829 1168; x_wconf 88' lang='lat' dir='ltr'>onera</span> 
     </span>
     <span class='ocr_line' id='line_1_14' title="bbox 255 1199 1829 1248; baseline 0.001 -13"><span class='ocrx_word' id='word_1_126' title='bbox 255 1200 348 1236; x_wconf 68' lang='lat' dir='ltr'>dicte</span> <span class='ocrx_word' id='word_1_127' title='bbox 368 1199 517 1236; x_wconf 74' lang='lat' dir='ltr'>ecclesie</span> <span class='ocrx_word' id='word_1_128' title='bbox 547 1201 804 1236; x_wconf 86' lang='lat' dir='ltr'>incumbencia</span> <span class='ocrx_word' id='word_1_129' title='bbox 831 1201 1002 1237; x_wconf 87' lang='lat' dir='ltr'>videlicet</span> <span class='ocrx_word' id='word_1_130' title='bbox 1029 1201 1144 1237; x_wconf 89' lang='lat' dir='ltr'>soluet</span> <span class='ocrx_word' id='word_1_131' title='bbox 1171 1200 1380 1248; x_wconf 74' lang='lat' dir='ltr'>pensionem</span> <span class='ocrx_word' id='word_1_132' title='bbox 1401 1201 1538 1237; x_wconf 85' lang='lat' dir='ltr'>vicario</span> <span class='ocrx_word' id='word_1_133' title='bbox 1558 1201 1651 1236; x_wconf 62' lang='lat' dir='ltr'>diae</span> <span class='ocrx_word' id='word_1_134' title='bbox 1679 1201 1829 1237; x_wconf 87' lang='lat' dir='ltr'>ecclesie</span> 
     </span>
     <span class='ocr_line' id='line_1_15' title="bbox 257 1267 1829 1316; baseline 0.001 -12"><span class='ocrx_word' id='word_1_135' title='bbox 257 1269 415 1305; x_wconf 88' lang='lat' dir='ltr'>debitam</span> <span class='ocrx_word' id='word_1_136' title='bbox 442 1274 477 1304; x_wconf 88' lang='lat' dir='ltr'>et</span> <span class='ocrx_word' id='word_1_137' title='bbox 504 1267 714 1304; x_wconf 85' lang='lat' dir='ltr'>sustentabit</span> <span class='ocrx_word' id='word_1_138' title='bbox 741 1275 815 1304; x_wconf 87' lang='lat' dir='ltr'>tres</span> <span class='ocrx_word' id='word_1_139' title='bbox 843 1282 1022 1316; x_wconf 82' lang='lat' dir='ltr'>pauperes</span> <span class='ocrx_word' id='word_1_140' title='bbox 1049 1269 1182 1305; x_wconf 88' lang='lat' dir='ltr'>ibidem</span> <span class='ocrx_word' id='word_1_141' title='bbox 1212 1270 1388 1316; x_wconf 82' lang='lat' dir='ltr'>degentes</span> <span class='ocrx_word' id='word_1_142' title='bbox 1416 1282 1497 1305; x_wconf 86' lang='lat' dir='ltr'>curn</span> <span class='ocrx_word' id='word_1_143' title='bbox 1526 1269 1766 1316; x_wconf 83' lang='lat' dir='ltr'>reparacione</span> <span class='ocrx_word' id='word_1_144' title='bbox 1793 1276 1829 1305; x_wconf 88' lang='lat' dir='ltr'>et</span> 
     </span>
     <span class='ocr_line' id='line_1_16' title="bbox 258 1336 1827 1384; baseline 0.001 -12"><span class='ocrx_word' id='word_1_145' title='bbox 258 1337 523 1373; x_wconf 87' lang='lat' dir='ltr'>sustentacione</span> <span class='ocrx_word' id='word_1_146' title='bbox 551 1336 700 1372; x_wconf 83' lang='lat' dir='ltr'>ecclesie</span> <span class='ocrx_word' id='word_1_147' title='bbox 727 1337 765 1371; x_wconf 90' lang='lat' dir='ltr'>in</span> <span class='ocrx_word' id='word_1_148' title='bbox 793 1339 887 1372; x_wconf 64' lang='lat' dir='ltr'>tecto</span> <span class='ocrx_word' id='word_1_149' title='bbox 912 1343 948 1372; x_wconf 88' lang='lat' dir='ltr'>et</span> <span class='ocrx_word' id='word_1_150' title='bbox 976 1337 1200 1372; x_wconf 85' lang='lat' dir='ltr'>ornamentis</span> <span class='ocrx_word' id='word_1_151' title='bbox 1219 1343 1259 1372; x_wconf 89' lang='lat' dir='ltr'>ut</span> <span class='ocrx_word' id='word_1_152' title='bbox 1277 1343 1422 1384; x_wconf 88' lang='lat' dir='ltr'>oportet</span> <span class='ocrx_word' id='word_1_153' title='bbox 1441 1357 1448 1364; x_wconf 93' lang='lat'><strong>·</strong></span> <span class='ocrx_word' id='word_1_154' title='bbox 1467 1337 1528 1384; x_wconf 89' lang='lat' dir='ltr'>qui</span> <span class='ocrx_word' id='word_1_155' title='bbox 1547 1337 1662 1373; x_wconf 88' lang='lat' dir='ltr'>eciam</span> <span class='ocrx_word' id='word_1_156' title='bbox 1680 1337 1827 1373; x_wconf 86' lang='lat' dir='ltr'>habebit</span> 
     </span>
     <span class='ocr_line' id='line_1_17' title="bbox 256 1404 1827 1452; baseline -0.001 -11"><span class='ocrx_word' id='word_1_157' title='bbox 256 1411 372 1441; x_wconf 85' lang='lat' dir='ltr'>terras</span> <span class='ocrx_word' id='word_1_158' title='bbox 392 1406 436 1440; x_wconf 90' lang='lat' dir='ltr'>de</span> <span class='ocrx_word' id='word_1_159' title='bbox 455 1405 503 1440; x_wconf 93' lang='lat' dir='ltr'>lie</span> <span class='ocrx_word' id='word_1_160' title='bbox 523 1405 653 1440; x_wconf 83' lang='lat' dir='ltr'>Barnis</span> <span class='ocrx_word' id='word_1_161' title='bbox 673 1405 718 1440; x_wconf 91' lang='lat' dir='ltr'>de</span> <span class='ocrx_word' id='word_1_162' title='bbox 740 1404 860 1441; x_wconf 79' lang='lat' dir='ltr'>Soltre</span> <span class='ocrx_word' id='word_1_163' title='bbox 889 1418 970 1440; x_wconf 90' lang='lat' dir='ltr'>cum</span> <span class='ocrx_word' id='word_1_164' title='bbox 995 1405 1232 1452; x_wconf 82' lang='lat' dir='ltr'>pertinenciis</span> <span class='ocrx_word' id='word_1_165' title='bbox 1251 1405 1320 1440; x_wconf 91' lang='lat' dir='ltr'>suis</span> <span class='ocrx_word' id='word_1_166' title='bbox 1340 1411 1375 1440; x_wconf 89' lang='lat' dir='ltr'>et</span> <span class='ocrx_word' id='word_1_167' title='bbox 1394 1410 1510 1440; x_wconf 81' lang='lat' dir='ltr'>terras</span> <span class='ocrx_word' id='word_1_168' title='bbox 1533 1406 1616 1440; x_wconf 82' lang='lat' dir='ltr'>ville</span> <span class='ocrx_word' id='word_1_169' title='bbox 1636 1406 1681 1440; x_wconf 88' lang='lat' dir='ltr'>de</span> <span class='ocrx_word' id='word_1_170' title='bbox 1702 1405 1827 1452; x_wconf 78' lang='lat' dir='ltr'>Hang-</span> 
     </span>
     <span class='ocr_line' id='line_1_18' title="bbox 256 1472 1828 1520; baseline 0.001 -12"><span class='ocrx_word' id='word_1_171' title='bbox 256 1473 448 1509; x_wconf 87' lang='lat' dir='ltr'>andschaw</span> <span class='ocrx_word' id='word_1_172' title='bbox 481 1485 563 1508; x_wconf 88' lang='lat' dir='ltr'>cum</span> <span class='ocrx_word' id='word_1_173' title='bbox 596 1472 666 1508; x_wconf 86' lang='lat' dir='ltr'>suis</span> <span class='ocrx_word' id='word_1_174' title='bbox 698 1473 937 1520; x_wconf 83' lang='lat' dir='ltr'>pertinenciis</span> <span class='ocrx_word' id='word_1_175' title='bbox 969 1473 1048 1508; x_wconf 89' lang='lat' dir='ltr'>dari</span> <span class='ocrx_word' id='word_1_176' title='bbox 1078 1473 1191 1508; x_wconf 90' lang='lat' dir='ltr'>solitis</span> <span class='ocrx_word' id='word_1_177' title='bbox 1220 1480 1256 1509; x_wconf 88' lang='lat' dir='ltr'>et</span> <span class='ocrx_word' id='word_1_178' title='bbox 1287 1473 1466 1509; x_wconf 89' lang='lat' dir='ltr'>consuetis</span> <span class='ocrx_word' id='word_1_179' title='bbox 1499 1479 1534 1509; x_wconf 93' lang='lat' dir='ltr'>et</span> <span class='ocrx_word' id='word_1_180' title='bbox 1566 1473 1751 1509; x_wconf 85' lang='lat' dir='ltr'>ecclesiam</span> <span class='ocrx_word' id='word_1_181' title='bbox 1783 1474 1828 1509; x_wconf 90' lang='lat' dir='ltr'>de</span> 
     </span>
     <span class='ocr_line' id='line_1_19' title="bbox 256 1540 1827 1589; baseline 0 -13"><span class='ocrx_word' id='word_1_182' title='bbox 256 1541 478 1588; x_wconf 86' lang='lat' dir='ltr'>Lempetlaw</span> <span class='ocrx_word' id='word_1_183' title='bbox 506 1554 587 1577; x_wconf 89' lang='lat' dir='ltr'>cum</span> <span class='ocrx_word' id='word_1_184' title='bbox 615 1540 790 1576; x_wconf 85' lang='lat' dir='ltr'>vniuersis</span> <span class='ocrx_word' id='word_1_185' title='bbox 818 1541 889 1575; x_wconf 91' lang='lat' dir='ltr'>suis</span> <span class='ocrx_word' id='word_1_186' title='bbox 918 1541 1092 1576; x_wconf 68' lang='lat' dir='ltr'>fruffibus</span> <span class='ocrx_word' id='word_1_187' title='bbox 1122 1542 1240 1577; x_wconf 90' lang='lat' dir='ltr'>eidem</span> <span class='ocrx_word' id='word_1_188' title='bbox 1268 1542 1535 1589; x_wconf 86' lang='lat' dir='ltr'>pertinentibus</span> <span class='ocrx_word' id='word_1_189' title='bbox 1561 1562 1568 1569; x_wconf 93' lang='lat'><strong>·</strong></span> <span class='ocrx_word' id='word_1_190' title='bbox 1594 1548 1630 1577; x_wconf 86' lang='lat' dir='ltr'>et</span> <span class='ocrx_word' id='word_1_191' title='bbox 1656 1554 1723 1589; x_wconf 92' lang='lat' dir='ltr'>pro</span> <span class='ocrx_word' id='word_1_192' title='bbox 1751 1541 1827 1576; x_wconf 76' lang='lat' dir='ltr'>istis</span> 
     </span>
     <span class='ocr_line' id='line_1_20' title="bbox 256 1609 1827 1657; baseline -0.001 -12"><span class='ocrx_word' id='word_1_193' title='bbox 256 1611 395 1646; x_wconf 85' lang='lat' dir='ltr'>duabus</span> <span class='ocrx_word' id='word_1_194' title='bbox 423 1609 582 1645; x_wconf 87' lang='lat' dir='ltr'>ecclesiis</span> <span class='ocrx_word' id='word_1_195' title='bbox 609 1609 792 1657; x_wconf 87' lang='lat' dir='ltr'>preposito</span> <span class='ocrx_word' id='word_1_196' title='bbox 824 1609 1007 1657; x_wconf 83' lang='lat' dir='ltr'>afflgnatis</span> <span class='ocrx_word' id='word_1_197' title='bbox 1038 1610 1113 1657; x_wconf 88' lang='lat' dir='ltr'>ipse</span> <span class='ocrx_word' id='word_1_198' title='bbox 1142 1609 1345 1657; x_wconf 87' lang='lat' dir='ltr'>prepositus</span> <span class='ocrx_word' id='word_1_199' title='bbox 1376 1610 1509 1645; x_wconf 83' lang='lat' dir='ltr'>subibit</span> <span class='ocrx_word' id='word_1_200' title='bbox 1540 1609 1760 1657; x_wconf 83' lang='lat' dir='ltr'>episcopalia</span> <span class='ocrx_word' id='word_1_201' title='bbox 1791 1615 1827 1645; x_wconf 92' lang='lat' dir='ltr'>et</span> 
     </span>
     <span class='ocr_line' id='line_1_21' title="bbox 256 1677 1823 1725; baseline 0 -12"><span class='ocrx_word' id='word_1_202' title='bbox 256 1678 567 1713; x_wconf 82' lang='lat' dir='ltr'>archidiaconalia</span> <span class='ocrx_word' id='word_1_203' title='bbox 594 1690 707 1712; x_wconf 87' lang='lat' dir='ltr'>onera</span> <span class='ocrx_word' id='word_1_204' title='bbox 738 1678 783 1712; x_wconf 88' lang='lat' dir='ltr'>de</span> <span class='ocrx_word' id='word_1_205' title='bbox 814 1677 1018 1713; x_wconf 87' lang='lat' dir='ltr'>huiusmodi</span> <span class='ocrx_word' id='word_1_206' title='bbox 1055 1677 1214 1713; x_wconf 87' lang='lat' dir='ltr'>ecclesiis</span> <span class='ocrx_word' id='word_1_207' title='bbox 1244 1678 1399 1725; x_wconf 86' lang='lat' dir='ltr'>prestari</span> <span class='ocrx_word' id='word_1_208' title='bbox 1430 1678 1534 1714; x_wconf 87' lang='lat' dir='ltr'>solita</span> <span class='ocrx_word' id='word_1_209' title='bbox 1563 1684 1598 1713; x_wconf 91' lang='lat' dir='ltr'>et</span> <span class='ocrx_word' id='word_1_210' title='bbox 1629 1678 1823 1714; x_wconf 86' lang='lat' dir='ltr'>consueta-</span> 
     </span>
     <span class='ocr_line' id='line_1_22' title="bbox 255 1745 1825 1794; baseline 0 -13"><span class='ocrx_word' id='word_1_211' title='bbox 255 1745 399 1781; x_wconf 90' lang='lat' dir='ltr'>Primus</span> <span class='ocrx_word' id='word_1_212' title='bbox 433 1759 517 1782; x_wconf 80' lang='lat' dir='ltr'>vero</span> <span class='ocrx_word' id='word_1_213' title='bbox 553 1746 818 1793; x_wconf 84' lang='lat' dir='ltr'>prebendarius</span> <span class='ocrx_word' id='word_1_214' title='bbox 849 1746 929 1793; x_wconf 89' lang='lat' dir='ltr'>post</span> <span class='ocrx_word' id='word_1_215' title='bbox 959 1746 1180 1794; x_wconf 78' lang='lat' dir='ltr'>prepositum</span> <span class='ocrx_word' id='word_1_216' title='bbox 1215 1747 1406 1782; x_wconf 86' lang='lat' dir='ltr'>vocabitur</span> <span class='ocrx_word' id='word_1_217' title='bbox 1436 1747 1608 1794; x_wconf 86' lang='lat' dir='ltr'>magister</span> <span class='ocrx_word' id='word_1_218' title='bbox 1639 1746 1825 1794; x_wconf 87' lang='lat' dir='ltr'>hospitalis</span> 
     </span>
     <span class='ocr_line' id='line_1_23' title="bbox 257 1813 1824 1863; baseline 0 -14"><span class='ocrx_word' id='word_1_219' title='bbox 257 1813 388 1850; x_wconf 61' lang='lat' dir='ltr'>sanae</span> <span class='ocrx_word' id='word_1_220' title='bbox 409 1814 602 1849; x_wconf 85' lang='lat' dir='ltr'>Trinitatis</span> <span class='ocrx_word' id='word_1_221' title='bbox 622 1827 735 1861; x_wconf 90' lang='lat' dir='ltr'>prope</span> <span class='ocrx_word' id='word_1_222' title='bbox 754 1813 972 1861; x_wconf 72' lang='lat' dir='ltr'>Edinburgh</span> <span class='ocrx_word' id='word_1_223' title='bbox 1001 1815 1062 1861; x_wconf 90' lang='lat' dir='ltr'>qui</span> <span class='ocrx_word' id='word_1_224' title='bbox 1089 1814 1237 1850; x_wconf 84' lang='lat' dir='ltr'>habebit</span> <span class='ocrx_word' id='word_1_225' title='bbox 1264 1827 1330 1863; x_wconf 90' lang='lat' dir='ltr'>pro</span> <span class='ocrx_word' id='word_1_226' title='bbox 1353 1815 1415 1850; x_wconf 83' lang='lat' dir='ltr'>sua</span> <span class='ocrx_word' id='word_1_227' title='bbox 1433 1815 1619 1862; x_wconf 87' lang='lat' dir='ltr'>prebenda</span> <span class='ocrx_word' id='word_1_228' title='bbox 1637 1820 1673 1850; x_wconf 86' lang='lat' dir='ltr'>et</span> <span class='ocrx_word' id='word_1_229' title='bbox 1691 1814 1824 1849; x_wconf 88' lang='lat' dir='ltr'>susten·</span> 
     </span>
     <span class='ocr_line' id='line_1_24' title="bbox 256 1882 1822 1930; baseline 0 -12"><span class='ocrx_word' id='word_1_230' title='bbox 256 1883 399 1918; x_wconf 85' lang='lat' dir='ltr'>tacione</span> <span class='ocrx_word' id='word_1_231' title='bbox 427 1895 592 1930; x_wconf 80' lang='lat' dir='ltr'>congrua</span> <span class='ocrx_word' id='word_1_232' title='bbox 619 1888 786 1929; x_wconf 81' lang='lat' dir='ltr'>quartam</span> <span class='ocrx_word' id='word_1_233' title='bbox 814 1888 954 1930; x_wconf 89' lang='lat' dir='ltr'>partem</span> <span class='ocrx_word' id='word_1_234' title='bbox 983 1883 1164 1919; x_wconf 60' lang='lat' dir='ltr'>frufituum</span> <span class='ocrx_word' id='word_1_235' title='bbox 1193 1883 1345 1919; x_wconf 67' lang='lat' dir='ltr'>rectorie</span> <span class='ocrx_word' id='word_1_236' title='bbox 1373 1882 1522 1918; x_wconf 89' lang='lat' dir='ltr'>ecclesie</span> <span class='ocrx_word' id='word_1_237' title='bbox 1550 1883 1594 1918; x_wconf 92' lang='lat' dir='ltr'>de</span> <span class='ocrx_word' id='word_1_238' title='bbox 1621 1882 1822 1919; x_wconf 84' lang='lat' dir='ltr'>Strathich-</span> 
     </span>
     <span class='ocr_line' id='line_1_25' title="bbox 256 1950 1825 1987; baseline 0 -1"><span class='ocrx_word' id='word_1_239' title='bbox 256 1951 388 1986; x_wconf 89' lang='lat' dir='ltr'>martin</span> <span class='ocrx_word' id='word_1_240' title='bbox 410 1950 672 1987; x_wconf 66' lang='lat' dir='ltr'>San&amp;iandree</span> <span class='ocrx_word' id='word_1_241' title='bbox 692 1951 842 1986; x_wconf 87' lang='lat' dir='ltr'>diocesis</span> <span class='ocrx_word' id='word_1_242' title='bbox 863 1957 898 1986; x_wconf 87' lang='lat' dir='ltr'>et</span> <span class='ocrx_word' id='word_1_243' title='bbox 917 1952 1007 1987; x_wconf 84' lang='lat' dir='ltr'>duas</span> <span class='ocrx_word' id='word_1_244' title='bbox 1034 1951 1185 1987; x_wconf 84' lang='lat' dir='ltr'>libratas</span> <span class='ocrx_word' id='word_1_245' title='bbox 1210 1957 1391 1986; x_wconf 85' lang='lat' dir='ltr'>terrarum</span> <span class='ocrx_word' id='word_1_246' title='bbox 1410 1952 1446 1986; x_wconf 93' lang='lat' dir='ltr'>in</span> <span class='ocrx_word' id='word_1_247' title='bbox 1467 1951 1552 1986; x_wconf 86' lang='lat' dir='ltr'>villa</span> <span class='ocrx_word' id='word_1_248' title='bbox 1571 1952 1615 1986; x_wconf 92' lang='lat' dir='ltr'>de</span> <span class='ocrx_word' id='word_1_249' title='bbox 1634 1951 1825 1987; x_wconf 88' lang='lat' dir='ltr'>Fawlahill</span> 
     </span>
     <span class='ocr_line' id='line_1_26' title="bbox 255 2019 1823 2066; baseline 0.001 -12"><span class='ocrx_word' id='word_1_250' title='bbox 255 2019 351 2054; x_wconf 86' lang='lat' dir='ltr'>infra</span> <span class='ocrx_word' id='word_1_251' title='bbox 370 2019 631 2054; x_wconf 81' lang='lat' dir='ltr'>Heriotmooro</span> <span class='ocrx_word' id='word_1_252' title='bbox 659 2025 695 2054; x_wconf 90' lang='lat' dir='ltr'>et</span> <span class='ocrx_word' id='word_1_253' title='bbox 721 2020 811 2054; x_wconf 79' lang='lat' dir='ltr'>duas</span> <span class='ocrx_word' id='word_1_254' title='bbox 838 2032 979 2054; x_wconf 86' lang='lat' dir='ltr'>marcas</span> <span class='ocrx_word' id='word_1_255' title='bbox 1006 2020 1118 2055; x_wconf 85' lang='lat' dir='ltr'>annui</span> <span class='ocrx_word' id='word_1_256' title='bbox 1147 2020 1312 2055; x_wconf 89' lang='lat' dir='ltr'>redditus</span> <span class='ocrx_word' id='word_1_257' title='bbox 1337 2021 1382 2055; x_wconf 92' lang='lat' dir='ltr'>de</span> <span class='ocrx_word' id='word_1_258' title='bbox 1402 2021 1510 2055; x_wconf 90' lang='lat' dir='ltr'>domo</span> <span class='ocrx_word' id='word_1_259' title='bbox 1530 2020 1713 2066; x_wconf 86' lang='lat' dir='ltr'>quondam</span> <span class='ocrx_word' id='word_1_260' title='bbox 1733 2020 1823 2055; x_wconf 86' lang='lat' dir='ltr'>Wil-</span> 
     </span>
     <span class='ocr_line' id='line_1_27' title="bbox 255 2087 1823 2136; baseline 0.001 -14"><span class='ocrx_word' id='word_1_261' title='bbox 255 2087 353 2123; x_wconf 90' lang='lat' dir='ltr'>lelmi</span> <span class='ocrx_word' id='word_1_262' title='bbox 374 2087 511 2124; x_wconf 90' lang='lat' dir='ltr'>Clunes</span> <span class='ocrx_word' id='word_1_263' title='bbox 541 2087 575 2122; x_wconf 92' lang='lat' dir='ltr'>in</span> <span class='ocrx_word' id='word_1_264' title='bbox 603 2087 746 2135; x_wconf 89' lang='lat' dir='ltr'>Leythe</span> <span class='ocrx_word' id='word_1_265' title='bbox 776 2092 812 2122; x_wconf 85' lang='lat' dir='ltr'>et</span> <span class='ocrx_word' id='word_1_266' title='bbox 838 2087 969 2131; x_wconf 73' lang='lat' dir='ltr'>viginti</span> <span class='ocrx_word' id='word_1_267' title='bbox 999 2088 1131 2123; x_wconf 89' lang='lat' dir='ltr'>solidos</span> <span class='ocrx_word' id='word_1_268' title='bbox 1160 2089 1197 2123; x_wconf 92' lang='lat' dir='ltr'>in</span> <span class='ocrx_word' id='word_1_269' title='bbox 1226 2089 1313 2124; x_wconf 85' lang='lat' dir='ltr'>villa</span> <span class='ocrx_word' id='word_1_270' title='bbox 1340 2090 1385 2124; x_wconf 90' lang='lat' dir='ltr'>de</span> <span class='ocrx_word' id='word_1_271' title='bbox 1405 2089 1570 2124; x_wconf 88' lang='lat' dir='ltr'>Risolton</span> <span class='ocrx_word' id='word_1_272' title='bbox 1599 2095 1635 2125; x_wconf 88' lang='lat' dir='ltr'>et</span> <span class='ocrx_word' id='word_1_273' title='bbox 1662 2089 1823 2136; x_wconf 88' lang='lat' dir='ltr'>quinque</span> 
     </span>
     <span class='ocr_line' id='line_1_28' title="bbox 256 2155 1822 2193; baseline 0.001 -2"><span class='ocrx_word' id='word_1_274' title='bbox 256 2155 387 2191; x_wconf 85' lang='lat' dir='ltr'>solidos</span> <span class='ocrx_word' id='word_1_275' title='bbox 412 2156 526 2191; x_wconf 88' lang='lat' dir='ltr'>annui</span> <span class='ocrx_word' id='word_1_276' title='bbox 552 2156 716 2191; x_wconf 86' lang='lat' dir='ltr'>redditus</span> <span class='ocrx_word' id='word_1_277' title='bbox 735 2155 779 2190; x_wconf 90' lang='lat' dir='ltr'>de</span> <span class='ocrx_word' id='word_1_278' title='bbox 799 2155 964 2190; x_wconf 89' lang='lat' dir='ltr'>domibus</span> <span class='ocrx_word' id='word_1_279' title='bbox 983 2155 1139 2191; x_wconf 86' lang='lat' dir='ltr'>Joannis</span> <span class='ocrx_word' id='word_1_280' title='bbox 1159 2156 1344 2192; x_wconf 87' lang='lat' dir='ltr'>Alansone</span> <span class='ocrx_word' id='word_1_281' title='bbox 1364 2163 1400 2192; x_wconf 90' lang='lat' dir='ltr'>et</span> <span class='ocrx_word' id='word_1_282' title='bbox 1418 2157 1574 2192; x_wconf 86' lang='lat' dir='ltr'>Joannis</span> <span class='ocrx_word' id='word_1_283' title='bbox 1593 2157 1768 2193; x_wconf 85' lang='lat' dir='ltr'>Lawsone</span> <span class='ocrx_word' id='word_1_284' title='bbox 1787 2159 1822 2193; x_wconf 90' lang='lat' dir='ltr'>in</span> 
     </span>
     <span class='ocr_line' id='line_1_29' title="bbox 255 2223 1824 2273; baseline 0.002 -15"><span class='ocrx_word' id='word_1_285' title='bbox 255 2224 374 2272; x_wconf 88' lang='lat' dir='ltr'>Leyth</span> <span class='ocrx_word' id='word_1_286' title='bbox 402 2225 448 2259; x_wconf 87' lang='lat' dir='ltr'>ad</span> <span class='ocrx_word' id='word_1_287' title='bbox 475 2224 565 2259; x_wconf 88' lang='lat' dir='ltr'>duos</span> <span class='ocrx_word' id='word_1_288' title='bbox 593 2224 680 2259; x_wconf 86' lang='lat' dir='ltr'>anni</span> <span class='ocrx_word' id='word_1_289' title='bbox 708 2224 883 2259; x_wconf 88' lang='lat' dir='ltr'>terminos</span> <span class='ocrx_word' id='word_1_290' title='bbox 913 2223 1034 2259; x_wconf 70' lang='lat' dir='ltr'>Sanffi</span> <span class='ocrx_word' id='word_1_291' title='bbox 1066 2224 1219 2260; x_wconf 86' lang='lat' dir='ltr'>Martini</span> <span class='ocrx_word' id='word_1_292' title='bbox 1250 2231 1285 2260; x_wconf 90' lang='lat' dir='ltr'>et</span> <span class='ocrx_word' id='word_1_293' title='bbox 1306 2225 1566 2261; x_wconf 86' lang='lat' dir='ltr'>Penthecostes</span> <span class='ocrx_word' id='word_1_294' title='bbox 1593 2239 1658 2273; x_wconf 87' lang='lat' dir='ltr'>per</span> <span class='ocrx_word' id='word_1_295' title='bbox 1677 2226 1824 2273; x_wconf 83' lang='lat' dir='ltr'>equales</span> 
     </span>
     <span class='ocr_line' id='line_1_30' title="bbox 255 2292 1824 2342; baseline 0.002 -15"><span class='ocrx_word' id='word_1_296' title='bbox 255 2293 448 2339; x_wconf 89' lang='lat' dir='ltr'>porciones</span> <span class='ocrx_word' id='word_1_297' title='bbox 468 2298 504 2328; x_wconf 90' lang='lat' dir='ltr'>et</span> <span class='ocrx_word' id='word_1_298' title='bbox 524 2292 653 2339; x_wconf 83' lang='lat' dir='ltr'>viginti</span> <span class='ocrx_word' id='word_1_299' title='bbox 682 2292 814 2327; x_wconf 88' lang='lat' dir='ltr'>solidos</span> <span class='ocrx_word' id='word_1_300' title='bbox 841 2293 952 2327; x_wconf 84' lang='lat' dir='ltr'>annui</span> <span class='ocrx_word' id='word_1_301' title='bbox 981 2292 1146 2328; x_wconf 89' lang='lat' dir='ltr'>redditus</span> <span class='ocrx_word' id='word_1_302' title='bbox 1165 2293 1210 2328; x_wconf 92' lang='lat' dir='ltr'>de</span> <span class='ocrx_word' id='word_1_303' title='bbox 1230 2293 1336 2328; x_wconf 90' lang='lat' dir='ltr'>domo</span> <span class='ocrx_word' id='word_1_304' title='bbox 1357 2293 1533 2330; x_wconf 88' lang='lat' dir='ltr'>Wauklet</span> <span class='ocrx_word' id='word_1_305' title='bbox 1551 2294 1587 2329; x_wconf 91' lang='lat' dir='ltr'>in</span> <span class='ocrx_word' id='word_1_306' title='bbox 1608 2294 1824 2342; x_wconf 84' lang='lat' dir='ltr'>Edinburgo</span> 
     </span>
     <span class='ocr_line' id='line_1_31' title="bbox 257 2360 1824 2409; baseline 0.002 -13"><span class='ocrx_word' id='word_1_307' title='bbox 257 2366 294 2396; x_wconf 89' lang='lat' dir='ltr'>et</span> <span class='ocrx_word' id='word_1_308' title='bbox 312 2361 473 2408; x_wconf 91' lang='lat' dir='ltr'>quinque</span> <span class='ocrx_word' id='word_1_309' title='bbox 504 2360 635 2395; x_wconf 88' lang='lat' dir='ltr'>solidos</span> <span class='ocrx_word' id='word_1_310' title='bbox 666 2360 710 2395; x_wconf 89' lang='lat' dir='ltr'>de</span> <span class='ocrx_word' id='word_1_311' title='bbox 741 2361 848 2395; x_wconf 85' lang='lat' dir='ltr'>domo</span> <span class='ocrx_word' id='word_1_312' title='bbox 876 2360 1014 2395; x_wconf 89' lang='lat' dir='ltr'>domini</span> <span class='ocrx_word' id='word_1_313' title='bbox 1044 2360 1187 2396; x_wconf 88' lang='lat' dir='ltr'>Thome</span> <span class='ocrx_word' id='word_1_314' title='bbox 1217 2361 1371 2409; x_wconf 88' lang='lat' dir='ltr'>episcopi</span> <span class='ocrx_word' id='word_1_315' title='bbox 1402 2361 1673 2398; x_wconf 89' lang='lat' dir='ltr'>Dunkeldensis</span> <span class='ocrx_word' id='word_1_316' title='bbox 1702 2369 1738 2399; x_wconf 84' lang='lat' dir='ltr'>et</span> <span class='ocrx_word' id='word_1_317' title='bbox 1766 2364 1824 2399; x_wconf 85' lang='lat' dir='ltr'>sex</span> 
     </span>
     <span class='ocr_line' id='line_1_32' title="bbox 258 2427 1825 2477; baseline 0.003 -14"><span class='ocrx_word' id='word_1_318' title='bbox 258 2428 389 2464; x_wconf 85' lang='lat' dir='ltr'>solidos</span> <span class='ocrx_word' id='word_1_319' title='bbox 409 2434 444 2464; x_wconf 89' lang='lat' dir='ltr'>et</span> <span class='ocrx_word' id='word_1_320' title='bbox 464 2429 545 2464; x_wconf 74' lang='lat' dir='ltr'><strong>06&gt;oe</strong></span> <span class='ocrx_word' id='word_1_321' title='bbox 565 2427 737 2464; x_wconf 87' lang='lat' dir='ltr'>denarios</span> <span class='ocrx_word' id='word_1_322' title='bbox 760 2429 796 2463; x_wconf 88' lang='lat' dir='ltr'>in</span> <span class='ocrx_word' id='word_1_323' title='bbox 816 2428 905 2463; x_wconf 89' lang='lat' dir='ltr'>villa</span> <span class='ocrx_word' id='word_1_324' title='bbox 923 2428 968 2463; x_wconf 89' lang='lat' dir='ltr'>de</span> <span class='ocrx_word' id='word_1_325' title='bbox 987 2428 1141 2465; x_wconf 84' lang='lat' dir='ltr'>Lawdre</span> <span class='ocrx_word' id='word_1_326' title='bbox 1168 2442 1234 2477; x_wconf 87' lang='lat' dir='ltr'>per</span> <span class='ocrx_word' id='word_1_327' title='bbox 1252 2442 1318 2465; x_wconf 87' lang='lat' dir='ltr'>nos</span> <span class='ocrx_word' id='word_1_328' title='bbox 1342 2430 1465 2477; x_wconf 85' lang='lat' dir='ltr'>postea</span> <span class='ocrx_word' id='word_1_329' title='bbox 1483 2431 1694 2467; x_wconf 84' lang='lat' dir='ltr'>limitandos</span> <span class='ocrx_word' id='word_1_330' title='bbox 1713 2438 1749 2468; x_wconf 89' lang='lat' dir='ltr'>et</span> <span class='ocrx_word' id='word_1_331' title='bbox 1767 2433 1825 2468; x_wconf 87' lang='lat' dir='ltr'>sex</span> 
     </span>
     <span class='ocr_line' id='line_1_33' title="bbox 1037 2510 1044 2532; baseline 0 0"><span class='ocrx_word' id='word_1_332' title='bbox 1037 2510 1044 2532; x_wconf 81' lang='grc' dir='ltr'>ι</span> 
     </span>
    </p>
   </div>
  </div>
 </body>
</html>
