2147 2964
348 319 420 356 290
721 316 899 353 CARTE
927 317 1181 356 ECCLESIE
1211 318 1553 355 COLLEGIATE

348 414 443 451 noch
472 413 604 451 Colino
633 415 764 451 comite
792 416 836 451 de
865 415 992 464 Ergile
1020 417 1168 452 domino
1190 417 1382 465 Campbell
1407 423 1442 453 et
1464 417 1564 453 Lorn
1592 417 1765 453 Johanne
1791 418 1922 453 comite

347 483 393 518 de
412 482 584 518 Levenax
612 483 761 519 domino
789 484 834 520 de
862 484 1019 520 Darnlie
1049 484 1209 532 Hugone
1237 487 1370 522 comite
1398 487 1443 522 de
1472 486 1673 534 Eglintoun
1702 487 1850 521 domino
1879 487 1923 521 de

348 550 610 600 Montgomery
630 573 637 580 ·
660 552 928 588 venerabilibus
966 553 1001 588 in
1033 553 1154 590 Cristo
1190 554 1356 601 patribus
1387 554 1560 590 Johanne
1605 556 1728 603 priore
1773 554 1923 591 ecclesie

348 620 627 668 metropolitane
672 619 934 656 Saneiandree
979 635 1022 658 ac
1064 622 1222 659 eiusdem
1266 625 1348 659 sede
1386 632 1538 660 vacante
1576 625 1714 660 vicario
1758 625 1923 672 generali

350 687 513 736 Georgio
541 689 671 724 abbate
699 689 908 725 monasterii
939 689 1071 726 Sancte
1101 691 1232 728 Crucis
1263 705 1376 740 prope
1407 693 1624 741 Edinburgh
1654 693 1767 728 nostri
1794 694 1923 729 secreti

348 756 453 804 sigilli
491 756 638 792 custode
666 779 672 786 -
701 757 841 793 (11106113
878 758 1023 794 clericis
1059 760 1241 807 magistris
1275 761 1430 797 Gawino
1463 761 1631 797 Dumbar
1663 762 1922 797 archidiacono

350 824 613 862 Sanffiandree
649 825 855 861 nostrorum
892 827 1096 863 rotulorum
1142 828 1287 876 registri
1328 835 1364 865 et
1411 829 1549 865 consilii
1596 829 1731 865 clerico
1779 829 1922 865 Jacobo

349 893 489 942 Ogiluy
521 893 692 942 magistro
725 894 975 942 requestarum
1012 897 1216 932 nostrarum
1243 917 1250 923 ·
1280 897 1393 945 Apud
1430 897 1650 945 Edinburgh
1687 898 1828 933 decimo
1865 898 1923 933 die

348 962 477 998 mensis
507 962 678 998 Octobris
711 976 807 998 anno
839 962 987 998 Domini
1019 964 1207 1000 millesimo
1240 966 1530 1014 quingentesimo
1559 967 1700 1002 decimo
1731 967 1860 1014 quinto
1888 974 1924 1002 et

348 1032 453 1080 regni
472 1031 584 1067 nostri
605 1032 720 1067 tercio
740 1032 927 1080 nostrique
949 1032 1219 1070 Gubernatoris
1240 1036 1414 1072 antedicti
1434 1049 1531 1072 anno
1550 1037 1680 1084 primo.

349 1238 462 1274 Carta
498 1237 640 1272 vnionis
677 1243 712 1273 et
747 1238 1009 1273 annexacionis
1046 1239 1202 1274 reetorie
1236 1239 1280 1273 de
1313 1238 1430 1274 Ellem
1465 1239 1615 1274 ecclesie
1651 1240 1845 1288 collegiate
1879 1242 1924 1276 de

348 1305 542 1354 Restalrig.

342 1425 527 1480 JAconus
556 1443 629 1479 Dei
656 1443 784 1491 gracia
811 1456 875 1479 rex
903 1442 1095 1478 Scotorum
1125 1443 1292 1478 omnibus
1316 1443 1440 1491 probis
1459 1443 1667 1479 hominibus
1687 1444 1804 1479 tocius
1823 1450 1921 1480 terre

344 1510 403 1546 sue
423 1511 565 1546 clericis
593 1518 629 1548 et
656 1512 759 1548 laicis
786 1512 938 1548 salutem
959 1534 965 1541 ·
988 1511 1087 1554 Quia
1114 1525 1180 1547 nos
1208 1513 1291 1547 sane
1317 1511 1589 1548 considerantes
1608 1513 1850 1548 deuocionem
1870 1513 1924 1548 in-

344 1587 492 1629 gentem
512 1594 620 1629 quam
640 1581 825 1628 quondam
853 1581 1053 1616 carissimus
1081 1581 1203 1616 noster
1230 1593 1320 1615 auus
1347 1580 1441 1615 bone
1466 1581 1642 1616 memorie
1665 1582 1816 1628 gerebat
1836 1594 1924 1629 erga

346 1650 538 1698 collegium
558 1650 671 1685 Beate
691 1649 811 1685 Marie
833 1649 984 1697 virginis
1004 1650 1049 1685 de
1071 1649 1255 1696 Restalrig
1274 1649 1335 1695 qui
1363 1655 1481 1684 morte
1499 1656 1699 1696 preuentus
1718 1650 1922 1686 huiusmodi

346 1718 500 1766 collegio
520 1718 669 1753 minime
689 1718 815 1753 dotato
835 1720 896 1753 seu
924 1718 1104 1766 completo
1123 1717 1354 1753 dotacionem
1375 1724 1411 1753 et
1431 1717 1660 1753 fundacionis
1681 1718 1923 1765 complemen-

345 1793 421 1823 tum
442 1787 601 1823 eiusdem
621 1787 806 1834 quondam
835 1787 1014 1822 oariffimo
1041 1786 1135 1835 patri
1163 1786 1286 1821 nostro
1314 1785 1416 1821 cuius
1439 1785 1557 1820 anime
1576 1786 1800 1833 propicietur
1819 1786 1922 1822 Deus

347 1856 406 1891 suo
434 1856 471 1891 in
500 1855 715 1891 testamento
742 1856 879 1903 legauit
899 1877 906 1883 ·
929 1856 990 1903 qui
1020 1868 1105 1891 vero
1133 1854 1331 1890 cariffimus
1358 1854 1480 1889 noster
1507 1860 1613 1901 pater
1638 1854 1801 1890 diuinum
1825 1855 1922 1891 obse-

346 1924 470 1972 quium
490 1924 527 1959 in
548 1924 689 1971 prefato
709 1924 865 1972 collegio
894 1923 1061 1959 inchoari
1089 1923 1250 1958 causauit
1278 1928 1313 1957 et
1341 1923 1386 1957 ob
1406 1922 1483 1957 eius
1502 1929 1656 1958 mortem
1678 1923 1920 1959 acceleratam

346 1992 442 2029 diete
461 1992 691 2028 fundacionis
711 1992 1052 2040 augmentacionem
1074 1998 1109 2027 et
1128 1991 1433 2038 complementum
1453 1990 1489 2025 in
1510 1991 1571 2026 sua
1591 1991 1717 2026 vltima
1732 1991 1922 2027 voluntate

347 2061 450 2096 nobis
473 2061 644 2108 disposuit
671 2066 706 2095 et
733 2060 870 2107 legauit
895 2066 1004 2108 prout
1032 2072 1154 2095 coram
1185 2058 1334 2095 Summo
1361 2058 1495 2094 Judice
1523 2060 1676 2107 desuper
1703 2061 1921 2108 respondere

348 2129 568 2165 voluerimus
588 2150 595 2157 ·
616 2135 651 2165 et
671 2129 757 2176 quia
776 2142 819 2164 ex
839 2134 940 2164 certo
968 2128 1209 2163 informamur
1236 2127 1334 2175 quod
1362 2127 1492 2162 diuersi
1522 2127 1589 2162 viri
1617 2128 1653 2163 in
1681 2134 1758 2164 arte
1785 2127 1921 2164 musica

347 2197 510 2244 perdocti
529 2203 761 2246 prenotatum
791 2196 985 2244 collegium
1014 2196 1227 2232 dimiserunt
1254 2202 1290 2231 et
1314 2195 1374 2231 alii
1402 2196 1469 2231 viri
1497 2195 1699 2232 consimiles
1726 2197 1772 2232 ob
1794 2209 1919 2232 eorum

348 2265 558 2311 pensionum
577 2272 612 2301 et
631 2265 892 2301 beneficiorum
918 2264 1154 2312 exiguitatem
1182 2263 1277 2298 idem
1298 2263 1480 2299 dimittere
1501 2270 1681 2300 conantur
1699 2265 1735 2299 in
1756 2265 1918 2300 futurum

350 2331 414 2366 nisi
430 2332 582 2380 desuper
598 2333 810 2380 tempestiue
829 2332 1088 2380 prouideamus
1100 2352 1107 2359 ·
1120 2345 1186 2367 nos
1206 2331 1317 2379 igitur
1332 2332 1368 2366 in
1385 2332 1500 2367 diuini
1516 2332 1667 2368 misterii
1683 2340 1918 2380 augmentum

349 2405 384 2434 et
402 2412 469 2446 pro
489 2401 665 2448 suffragiis
684 2401 719 2435 in
739 2401 944 2436 huiusmodi
965 2400 1120 2447 collegio
1139 2413 1206 2447 pro
1225 2400 1330 2435 nobis
1349 2406 1385 2435 et
1404 2400 1509 2436 dietis
1528 2400 1658 2435 nostris
1678 2400 1916 2447 progenitori-

349 2467 414 2501 bus
434 2467 698 2515 imperpetuum
719 2468 948 2503 celebrandis
976 2481 1018 2503 ac
1047 2468 1084 2503 in
1104 2468 1329 2504 consciencie
1357 2467 1479 2503 nostre
1507 2467 1717 2503 releuamen
1737 2468 1862 2503 damus
1883 2474 1918 2503 et
