2147 2964
921 309 1104 346 INDEX.

249 403 375 440 Romam,
392 403 514 433 Sanctus
529 404 631 434 Petrus
647 405 812 445 (palatium)
828 407 912 446 apud,
935 410 981 445 61,

286 457 353 492 276,
370 457 438 493 300,
453 458 521 486 323.

248 508 375 537 Romana
389 509 476 544 curi&
493 510 541 546 57,
557 510 603 546 58,
620 511 688 547 298,
704 511 772 540 319.

247 576 326 582 ——
339 570 388 589 seu
403 561 558 599 apostolica
572 561 660 598 sedes,
676 563 724 599 37,
741 564 788 599 38,
806 564 853 600 57,
869 565 916 600 58,
933 565 980 601 60,

286 614 332 649 61,
349 613 396 650 64,
413 615 480 650 275,
497 615 565 650 276,
582 615 650 643 319.

247 664 372 693 Romane
386 665 512 701 ecclesie,
527 665 664 703 magister
675 665 839 696 Willelmus
850 667 979 696 vicecan—

284 716 424 753 cellarius,
441 718 489 746 38.

245 768 366 797 Romani
381 769 543 805 Pontifices,
560 769 607 805 37,
624 769 672 798 38.

244 820 309 856 Ros,
326 820 404 856 Ross,
422 820 544 856 Donald,
559 820 633 849 dean
647 820 679 849 of
690 820 835 857 Caithnes,
853 823 899 850 71.

335 872 470 909 Joannes,
487 872 521 900 de
536 871 692 908 Halkheid,
708 872 797 909 miles,
813 874 859 902 70.

336 924 478 953 Robertus
492 924 535 961 de,
552 925 599 952 24.

244 976 345 1013 Rosay,
361 976 480 1005 ecclesia
495 975 599 1005 Sancte
613 975 704 1004 Marie
718 975 762 1012 de,
780 977 840 1005 vide
854 976 939 1014 Buyt.

243 1028 371 1066 Rosling,
384 1028 522 1066 Roslyng,
533 1028 622 1057 altare
634 1027 738 1057 Sancte
750 1028 842 1057 Marie
854 1028 981 1066 Virginis

283 1082 312 1109 in
324 1080 443 1110 ecclesia
457 1079 610 1117 collegiata
624 1079 668 1116 de,
685 1081 753 1109 329.

337 1132 425 1162 altare
443 1131 541 1162 Sancti
554 1131 668 1161 Andree
683 1131 804 1170 apostoli
817 1132 847 1160 in
862 1132 980 1161 ecclesia

283 1185 436 1222 collegiata
453 1184 497 1221 de,
514 1185 582 1213 329.

337 1236 426 1265 altare
439 1236 537 1265 Sancti
551 1235 662 1264 Mathei
676 1235 795 1274 apostoli
809 1240 838 1264 et
849 1245 978 1273 ewange-

282 1289 347 1318 liste
361 1289 390 1317 in
405 1288 524 1318 ecclesia
538 1287 690 1326 collegiata
703 1287 747 1324 de,
763 1289 831 1317 329.

337 1341 427 1370 altare
450 1340 547 1369 Sancti
567 1340 646 1368 Petri
668 1339 788 1378 apostoli
809 1340 839 1368 in
861 1339 980 1369 ecclesia

283 1393 435 1431 collegiata
451 1392 496 1430 de,
511 1392 580 1421 330.

244 1463 323 1467 ——
337 1446 454 1475 baronia
467 1445 511 1480 de,
527 1446 594 1480 327,
611 1444 681 1474 329,

337 1498 456 1528 ecclesia
477 1496 629 1534 collegiata
651 1496 749 1525 Sancti
771 1495 880 1524 Mathei
900 1505 979 1534 apos—

283 1550 336 1580 toli
350 1550 394 1587 de,
411 1550 552 1578 327-331.

336 1601 494 1640 prepositus
507 1599 624 1628 ecclesie
639 1599 683 1634 de,
698 1599 760 1628 vide
775 1598 911 1627 Diksone.

338 1659 411 1682 terre
425 1653 460 1682 de
473 1651 604 1681 Bireflatt
617 1651 647 1680 in
660 1651 778 1680 baronia
790 1651 833 1687 de,
849 1651 917 1679 329.

339 1706 400 1735 vide
417 1704 546 1734 Sinclair.

245 1758 392 1788 Rossensis
405 1756 536 1795 episcopi,
552 1755 703 1794 prebenda,
719 1755 782 1784 vide
795 1754 946 1792 Lestalrig.

336 1810 491 1848 episcopus,
508 1808 527 1837 J
529 1808 662 1844 ohannes,
677 1807 739 1836 vide
754 1806 865 1835 Fraser.

338 1861 524 1897 subdecanus,
540 1860 588 1888 78.

245 1914 339 1951 Roull,
355 1912 468 1947 Rowill,
484 1911 590 1948 Rowle,
605 1909 708 1946 Rowll,
720 1910 854 1946 Jacobus,
870 1910 918 1946 95,
931 1910 977 1947 99,

288 1967 354 2000 105,
371 1965 438 1994 106.

247 2019 378 2055 Rowane,
400 2017 504 2053 Johne,
526 2015 667 2045 servitour
687 2018 717 2043 to
738 2013 853 2042 maister
873 2013 980 2042 Robert

285 2070 361 2100 Pont
381 2069 437 2098 and
459 2069 564 2105 bui-ges
582 2067 614 2096 of
631 2065 807 2102 Edinburch,
826 2066 890 2101 137,
909 2066 977 2094 146-

287 2121 510 2158 148,151-153.

246 2173 408 2209 Roxburch,
423 2171 589 2209 Roxburgh,
605 2169 807 2207 Rokysburgh,
828 2169 979 2198 comitatus

284 2227 318 2255 de
344 2227 392 2255 39.

320 2248 493 2307 ’vicecomes
506 2276 550 2313 de,
564 2275 627 2304 vide
640 2273 793 2303 Maxsuell.

337 2330 551 2359 vicecomitatus
565 2327 608 2363 (le,
625 2327 672 2363 80,
690 2327 755 2363 118,
774 2327 838 2354 121.

337 2382 408 2412 villa
421 2381 465 2418 de,
481 2382 508 2416 3,
527 2381 571 2416 12,
588 2381 635 2415 24,
649 2379 696 2408 38.

245 2435 386 2471 Rudman,
402 2434 536 2469 Joannes,
555 2432 621 2464 138,
639 2431 704 2459 152.

1695 315 1765 354 367

1035 408 1176 445 Rudman,
1194 409 1363 446 Willelmus,
1382 412 1448 439 125.

1034 460 1208 499 Runsyman,
1225 462 1373 499 Robertus,
1394 463 1513 493 seruitor
1527 463 1633 493 domini
1648 464 1682 494 de
1697 465 1764 494 Yes-

1073 517 1125 550 tar,
1141 515 1206 543 149.

1033 564 1142 601 Russel,
1159 566 1221 594 vide
1237 566 1420 596 Doncanlaw.

1032 616 1168 654 Ruvenis,
1185 618 1246 647 vide
1262 618 1435 647 Creehtoun.

1032 668 1167 706 Rymour‚
1183 669 1317 707 Thomas,
1332 671 1390 699 vide
1405 670 1570 700 Ercildoun.

1033 824 1200 861 Sacerdotis,
1216 824 1361 854 Walterus
1376 826 1458 863 filius,
1475 827 1502 855 8.

1124 876 1199 905 filius
1214 877 1336 906 Walteri
1351 878 1411 915 filii,
1428 879 1456 908 8.

1033 927 1177 965 Salmond,
1201 929 1365 965 Salmound,
1388 931 1503 960 maister
1524 931 1676 969 Williame,
1702 943 1763 972 pre-

1071 981 1178 1009 bendar
1193 981 1248 1010 and
1263 982 1387 1011 subdene
1402 983 1433 1011 of
1444 982 1492 1012 the
1504 983 1626 1013 Trinitie
1638 984 1762 1023 CoHege,

1072 1043 1124 1062 ane
1145 1033 1177 1062 of
1201 1033 1249 1062 the
1272 1035 1397 1071 personis
1421 1035 1477 1063 and
1496 1036 1600 1065 vicaris
1621 1036 1652 1065 of
1676 1036 1763 1066 Sanct

1072 1085 1197 1123 Brigidis
1216 1085 1281 1114 kirk
1302 1086 1331 1114 in
1353 1086 1401 1115 the
1423 1087 1530 1116 Mernis
1551 1087 1599 1116 the
1617 1089 1762 1126 perrochin

1071 1136 1136 1165 kirk
1151 1137 1182 1166 of
1193 1137 1364 1175 Dunuotter,
1380 1140 1445 1175 126,
1460 1140 1525 1176 131,
1539 1140 1603 1176 133,
1617 1142 1681 1176 137,
1696 1142 1763 1170 199-

1071 1189 1138 1225 201,
1155 1190 1222 1225 221,
1239 1191 1307 1218 222.

1032 1240 1134 1278 Saltar,
1151 1241 1318 1276 Richardus,
1334 1243 1381 1270 52.

1032 1292 1159 1329 Saltoun,
1171 1292 1338 1330 Sauldtoun,
1350 1294 1514 1331 Sauletoun,
1526 1294 1673 1332 Saultoun‚
1685 1297 1763 1326 baro-

1072 1344 1120 1372 nia
1133 1344 1177 1381 de,
1194 1345 1259 1381 110,
1276 1346 1342 1381 137,
1360 1346 1426 1374 155.

1125 1395 1268 1432 Inferiore,
1284 1396 1355 1425 villa
1369 1397 1412 1433 de,
1429 1397 1538 1427 Nether
1553 1397 1681 1436 Saltoun,
1698 1402 1762 1436 110,

1074 1448 1137 1483 137,
1157 1448 1221 1483 148,
1241 1449 1306 1477 155.

1031 1515 1108 1520 —-
1124 1499 1267 1536 Leysland
1289 1500 1327 1536 in,
1354 1505 1428 1529 terra
1450 1500 1544 1538 Leyis,
1568 1503 1615 1538 53,
1642 1504 1689 1539 82,
1716 1505 1761 1538 91,

1074 1552 1138 1587 101,
1158 1552 1223 1580 110.

1125 1603 1281 1641 Superiore,
1300 1603 1371 1632 villa
1391 1604 1434 1641 de,
1458 1604 1535 1634 Over
1549 1605 1677 1643 Saltoun,
1697 1608 1760 1643 110,

1074 1656 1139 1691 137,
1157 1657 1223 1684 155.

1123 1713 1196 1736 terra
1210 1717 1259 1736 seu
1274 1707 1428 1736 dominium
1443 1708 1487 1745 de,
1506 1710 1550 1745 11,
1567 1711 1613 1746 27,
1630 1711 1677 1746 48,
1691 1713 1739 1739 49.

1032 1758 1198 1797 Sampsoun,
1211 1760 1230 1789 J
1233 1769 1345 1795 oannes,
1358 1760 1455 1797 pictor,
1467 1761 1616 1798 burgensis
1626 1762 1660 1791 de
1672 1762 1761 1792 Edin-

1070 1811 1169 1848 burch,
1187 1812 1251 1840 146.

1032 1861 1119 1891 Sanct
1134 1862 1259 1900 Brigidis
1273 1862 1338 1891 kirk
1352 1863 1382 1891 in
1397 1863 1445 1892 the
1467 1864 1583 1900 Metuis,
1598 1866 1661 1894 vide
1681 1866 1759 1894 Dun-

1070 1918 1160 1950 notar,
1176 1914 1275 1950 Eldar,
1292 1915 1398 1952 Mylae,
1416 1914 1561 1945 Salmond.

1120 1965 1222 1994 Gcillis
1247 1965 1320 2002 kirk,
1342 1966 1408 1995 kirk
1429 1966 1461 1995 of
1485 1966 1573 1996 Sanct
1594 1967 1679 2002 Geill,
1705 1970 1760 1997 cide

1070 2017 1167 2046 Sancti
1183 2017 1291 2054 Egidii.

1122 2069 1212 2097 Lukis
1226 2068 1290 2106 day,
1307 2070 1374 2097 214.

1123 2121 1276 2158 Margaret,
1289 2130 1391 2158 ymage
1400 2121 1435 2157 of,
1445 2122 1503 2150 vide
1513 2122 1623 2151 Trinite
1634 2122 1757 2162 College.

1122 2172 1230 2201 Paullis
1247 2172 1344 2209 Wark,
1358 2173 1416 2201 vide
1433 2173 1531 2202 Sancti
1545 2174 1639 2203 Pauli.

1030 2224 1135 2253 Sancta
1150 2224 1243 2252 Maria
1256 2224 1344 2262 virgo,
1367 2224 1500 2261 Domina,
1518 2227 1563 2259 10,
1586 2227 1634 2260 64,
1656 2228 1756 2263 74-76,

1070 2278 1135 2311 165,
1151 2277 1218 2312 262,
1241 2277 1308 2313 268,
1331 2278 1398 2313 274,
1421 2279 1489 2313 277,
1512 2278 1579 2314 278,
1602 2279 1669 2315 281,
1690 2281 1755 2316 282,

1068 2329 1208 2364 286-288,
1231 2329 1297 2364 292,
1324 2329 1392 2364 295,
1419 2330 1486 2366 296,
1509 2331 1577 2366 306,
1599 2331 1667 2367 309,
1689 2333 1755 2367 313,

1067 2381 1134 2416 315,
1149 2380 1289 2409 327-331.

1029 2448 1103 2454 -—
1120 2431 1267 2460 Triduana
1281 2431 1369 2468 virgo,
1385 2432 1453 2460 282.
