2147 2964
217 1023 285 1059 159

352 305 420 341 178
648 298 961 336 REGISTRUM
993 297 1248 334 ECCLESIE
1279 297 1624 335 COLLEGIATE

348 401 416 436 hoc
436 405 644 447 compotum
671 412 737 447 pro
757 397 1024 434 sustentacionc
1051 396 1229 432 luminum
1257 397 1294 432 in
1314 397 1411 433 dieto
1432 397 1588 445 collegio
1608 398 1684 445 ipso
1703 398 1870 446 presente
1890 408 1923 435 et

349 470 485 505 fatente
506 468 729 504 solucionem
748 467 853 515 super
873 472 1080 515 compotum
1100 465 1152 500 ls.

451 530 600 567 Summa
635 530 874 578 expensarum
910 529 998 564 liili·
1036 529 1125 565 iiiis-
1163 534 1265 570 iiiid.
1301 541 1336 571 et
1371 533 1418 571 fic
1450 534 1588 571 restant
1619 535 1809 572 xxxviiili.
1841 549 1926 571 xvs.

501 599 549 635 vii
562 600 597 635 d.

398 675 605 711 JOHANNES
630 674 761 710 Baim-
781 673 983 721 prepositus
1142 673 1346 709 Hnnmcus
1368 672 1658 708 HAnmNGTOUN
1679 685 1789 708 manu
1806 685 1887 720 pro-

397 745 605 781 JOHANNES
626 744 786 779 LOGANE
808 756 916 778 manu
937 743 1088 791 propria
1240 741 1318 789 pria

403 813 642 849 ALEXANDER
664 811 786 848 ScoTT
805 824 915 847 manu
931 813 1080 860 propria
1144 811 1311 846 THoMAs
1334 810 1447 846 GULD
1468 822 1577 845 manu
1596 809 1758 857 propria.

351 1002 587 1056 COMPOTUM
615 1016 834 1052 venerabilis
863 1022 898 1052 et
926 1017 1066 1064 egregii
1095 1016 1163 1051 viri
1194 1016 1357 1063 magistri
1388 1016 1570 1052 Johannis
1599 1016 1724 1063 Brady
1752 1015 1924 1063 prepositi

351 1086 500 1122 ecclesie
521 1085 714 1132 collegiate
732 1084 863 1120 Samae
881 1084 1076 1120 Trinitatis
1096 1097 1208 1132 prope
1228 1084 1447 1132 Edinburgh
1466 1085 1652 1120 redditum
1671 1085 1769 1132 apud
1788 1085 1923 1119 diffisum

352 1155 544 1203 collegium
573 1153 764 1190 vndeeinio
793 1153 851 1189 die
884 1154 1013 1189 mensis
1041 1153 1213 1188 Januarii
1241 1165 1337 1188 anno
1356 1152 1509 1188 Domini
1536 1152 1724 1188 millesimo
1752 1153 1927 1200 quingen-

355 1224 479 1259 tesimo
500 1222 642 1258 decimo
661 1222 761 1257 sexto
781 1221 826 1256 de
846 1221 1014 1256 omnibus
1042 1222 1200 1269 receptis
1228 1222 1297 1256 suis
1320 1228 1355 1257 et
1375 1222 1539 1269 expensis
1560 1222 1730 1257 videlicet
1750 1223 1794 1257 de
1814 1222 1928 1257 firmis

353 1300 533 1328 terrarum
554 1291 599 1326 de
619 1290 793 1325 Ballerno
821 1295 857 1325 et
876 1289 1071 1337 Lumphoy
1091 1303 1112 1325 a
1137 1290 1194 1325 die
1222 1289 1392 1325 vicesimo
1419 1290 1577 1325 eiusdem
1597 1289 1727 1325 mensis
1746 1290 1833 1325 anni
1853 1290 1928 1325 Do-

353 1361 440 1397 mini
461 1367 531 1397 etc.
555 1364 586 1395 vc
602 1359 734 1395 decimi
755 1358 874 1405 quinti
894 1359 1004 1405 vsque
1029 1358 1067 1393 111
1087 1359 1185 1394 diem
1204 1358 1312 1394 huius
1333 1359 1492 1406 compoti
1512 1365 1548 1394 et
1568 1358 1615 1394 fic
1635 1359 1679 1394 de
1699 1359 1838 1394 duobus
1860 1366 1930 1395 ter-

352 1431 460 1466 minis
480 1429 651 1465 videlicet
671 1427 933 1463 Penthecostes
952 1433 988 1462 et
1010 1426 1134 1463 Santh
1154 1427 1307 1463 Martini
1325 1427 1422 1463 infra
1440 1427 1509 1463 hoc
1529 1434 1748 1475 compotum.

354 1567 546 1615 Luinphoy
567 1567 611 1602 de
632 1565 737 1601 dic-tis
757 1565 898 1601 duobus
918 1565 1084 1600 terminis
1104 1566 1277 1613 compoti.

458 1636 609 1673 Summa
626 1634 734 1670 huius
755 1634 987 1670 oneracionis
1007 1640 1118 1681 patet.

354 1706 522 1753 Expense
560 1704 718 1740 eiusdem
746 1723 753 1730 ·
782 1703 825 1738 In
864 1702 992 1750 primis
1028 1703 1233 1738 allocantur
1266 1702 1489 1750 compotanti
1520 1702 1557 1737 in
1590 1703 1792 1739 ofitodecim
1829 1704 1931 1739 libris

356 1775 487 1822 septeni
510 1773 630 1808 solidis
651 1778 686 1808 et
705 1777 863 1819 quatuor
882 1771 1044 1806 denariis
1063 1784 1130 1818 pro
1158 1771 1439 1819 superexpofitis
1468 1772 1505 1807 in
1525 1772 1616 1820 pede
1637 1772 1753 1808 vltimi
1773 1775 1931 1822 compoti

355 1844 407 1879 sui
426 1849 463 1879 vt
482 1848 582 1891 patet
600 1841 638 1876 in
658 1841 786 1877 eodem
805 1840 895 1876 xviii
909 1840 948 1875 11.
970 1840 1058 1876 viis.
1080 1840 1129 1875 iiii
1144 1841 1179 1876 d.
1233 1841 1281 1876 Et
1300 1841 1418 1876 eidem
1438 1854 1503 1888 per
1522 1841 1784 1878 liberacionem
1801 1843 1931 1878 saetam

307 1906 312 1912 ²
356 1912 511 1948 dominis
532 1910 719 1946 Willelmo
741 1909 904 1956 Tempill
924 1914 959 1945 et
980 1908 1124 1944 'rhome
1144 1909 1318 1945 Watsone
1345 1909 1595 1956 receptoribus
1622 1910 1855 1957 generalibus
1873 1912 1932 1947 fir-

357 1993 494 2016 marum
516 1986 550 2015 et
569 1979 818 2026 proficuorum
840 1978 928 2013 diEti
957 1978 1103 2026 collegii
1131 1978 1169 2013 in
1197 1979 1333 2025 septem
1361 1977 1463 2012 libris
1491 1977 1683 2013 duodecim
1711 1978 1834 2014 solidis
1853 1982 1932 2016 oen

357 2048 516 2085 denariis
533 2048 617 2094 ipsis
637 2046 866 2094 presentibus
885 2052 921 2082 et
940 2046 1139 2081 fatentibus
1166 2045 1429 2081 liberacionem
1456 2046 1563 2092 super
1583 2054 1791 2093 compotum
1811 2054 1846 2083 et
1865 2060 1932 2094 pro

358 2117 489 2164 quibus
515 2115 788 2162 respondebunt
816 2114 914 2149 viili.
943 2113 1033 2149 xiis.
1064 2114 1173 2150 viiid.
1227 2114 1274 2150 Et
1298 2126 1363 2162 per
1384 2113 1605 2149 solucionem
1633 2114 1764 2150 factam
1784 2116 1933 2151 domino

361 2185 502 2220 Thome
524 2183 625 2219 Guld
652 2195 718 2230 pro
746 2182 1014 2218 sustentacione
1040 2195 1239 2230 puerorum
1267 2183 1313 2218 ad
1340 2182 1571 2217 seruiendum
1598 2182 1635 2217 in
1656 2182 1752 2216 difito
1778 2183 1931 2230 collegio

361 2251 647 2300 percipiencium
666 2264 764 2286 nunc
792 2251 830 2286 in
854 2264 951 2286 anno
978 2252 1036 2286 sex
1064 2251 1176 2287 libras
1195 2251 1240 2286 de
1259 2250 1366 2285 distis
1384 2248 1549 2284 terminis
1568 2249 1727 2296 compoti
1749 2249 1830 2284 vili.
1885 2250 1931 2286 Et

1365 2317 1413 2324 ..ο-

467 2388 613 2423 Summa
640 2388 877 2434 expensarum
907 2386 1070 2423 xxxvili.
1099 2392 1135 2422 et
1159 2386 1206 2421 fic
1231 2384 1500 2434 superexposuit
1519 2389 1731 2431 compotans
1750 2384 1785 2420 xi
1798 2385 1835 2421 11.
1858 2387 1929 2422 vis.

518 2454 626 2489 viiid.
