<?xml version="1.0" encoding="UTF-8"?>
<!DOCTYPE html PUBLIC "-//W3C//DTD XHTML 1.0 Transitional//EN"
    "http://www.w3.org/TR/xhtml1/DTD/xhtml1-transitional.dtd">
<html xmlns="http://www.w3.org/1999/xhtml" xml:lang="en" lang="en">
 <head>
  <title>
</title>
<meta http-equiv="Content-Type" content="text/html;charset=utf-8" />
  <meta name='ocr-system' content='tesseract 3.04.00' />
  <meta name='ocr-capabilities' content='ocr_page ocr_carea ocr_par ocr_line ocrx_word'/>
</head>
<body>
  <div class='ocr_page' id='page_1' title='image "./registrumdomusde00lain_0330.png"; bbox 0 0 2147 2964; ppageno 0'>
   <div class='ocr_carea' id='block_1_1' title="bbox 204 797 272 831">
    <p class='ocr_par' dir='ltr' id='par_1_1' title="bbox 204 797 272 831">
     <span class='ocr_line' id='line_1_1' title="bbox 204 797 272 831; baseline 0.015 -1"><span class='ocrx_word' id='word_1_1' title='bbox 204 797 272 831; x_wconf 68' lang='lat'>13⁴3</span> 
     </span>
    </p>
   </div>
   <div class='ocr_carea' id='block_1_2' title="bbox 209 1973 275 2008">
    <p class='ocr_par' dir='ltr' id='par_1_2' title="bbox 209 1973 275 2008">
     <span class='ocr_line' id='line_1_2' title="bbox 209 1973 275 2008; baseline 0.03 -2"><span class='ocrx_word' id='word_1_2' title='bbox 209 1973 275 2008; x_wconf 73' lang='lat'>137</span> 
     </span>
    </p>
   </div>
   <div class='ocr_carea' id='block_1_3' title="bbox 336 283 1913 433">
    <p class='ocr_par' dir='ltr' id='par_1_3' title="bbox 336 283 1913 433">
     <span class='ocr_line' id='line_1_3' title="bbox 338 283 1611 322; baseline -0.002 0"><span class='ocrx_word' id='word_1_3' title='bbox 338 288 404 322; x_wconf 67' lang='lat'>154</span> <span class='ocrx_word' id='word_1_4' title='bbox 637 283 955 321; x_wconf 85' lang='lat' dir='ltr'><strong>REGISTRUM</strong></span> <span class='ocrx_word' id='word_1_5' title='bbox 981 283 1237 322; x_wconf 86' lang='lat' dir='ltr'>ECCLESIE</span> <span class='ocrx_word' id='word_1_6' title='bbox 1266 284 1611 322; x_wconf 85' lang='lat' dir='ltr'><strong>COLLEGIATE</strong></span> 
     </span>
     <span class='ocr_line' id='line_1_4' title="bbox 336 383 1913 433; baseline 0 -14"><span class='ocrx_word' id='word_1_7' title='bbox 336 386 380 420; x_wconf 81' lang='lat' dir='ltr'>de</span> <span class='ocrx_word' id='word_1_8' title='bbox 402 384 587 433; x_wconf 79' lang='lat' dir='ltr'>Corrayth</span> <span class='ocrx_word' id='word_1_9' title='bbox 606 385 755 421; x_wconf 82' lang='lat' dir='ltr'>Joanne</span> <span class='ocrx_word' id='word_1_10' title='bbox 783 384 878 420; x_wconf 81' lang='lat' dir='ltr'>Blak</span> <span class='ocrx_word' id='word_1_11' title='bbox 906 384 1159 433; x_wconf 78' lang='lat' dir='ltr'>ludimagistro</span> <span class='ocrx_word' id='word_1_12' title='bbox 1187 384 1224 419; x_wconf 90' lang='lat' dir='ltr'>in</span> <span class='ocrx_word' id='word_1_13' title='bbox 1252 384 1471 433; x_wconf 85' lang='lat' dir='ltr'>Edinburgh</span> <span class='ocrx_word' id='word_1_14' title='bbox 1492 384 1681 420; x_wconf 79' lang='lat' dir='ltr'>willelmo</span> <span class='ocrx_word' id='word_1_15' title='bbox 1701 383 1818 431; x_wconf 84' lang='lat' dir='ltr'>Inglis</span> <span class='ocrx_word' id='word_1_16' title='bbox 1845 385 1913 420; x_wconf 85' lang='lat' dir='ltr'>ser-</span> 
     </span>
    </p>
   </div>
   <div class='ocr_carea' id='block_1_4' title="bbox 336 452 1914 708">
    <p class='ocr_par' dir='ltr' id='par_1_4' title="bbox 336 452 1914 708">
     <span class='ocr_line' id='line_1_5' title="bbox 336 452 1914 502; baseline 0 -13"><span class='ocrx_word' id='word_1_17' title='bbox 336 454 445 489; x_wconf 76' lang='lat' dir='ltr'>iando</span> <span class='ocrx_word' id='word_1_18' title='bbox 475 460 511 490; x_wconf 84' lang='lat' dir='ltr'>et</span> <span class='ocrx_word' id='word_1_19' title='bbox 542 454 686 490; x_wconf 83' lang='lat' dir='ltr'>Jacobo</span> <span class='ocrx_word' id='word_1_20' title='bbox 720 454 872 502; x_wconf 84' lang='lat' dir='ltr'>Logane</span> <span class='ocrx_word' id='word_1_21' title='bbox 909 453 1094 489; x_wconf 79' lang='lat' dir='ltr'>communi</span> <span class='ocrx_word' id='word_1_22' title='bbox 1131 453 1266 489; x_wconf 86' lang='lat' dir='ltr'>clerico</span> <span class='ocrx_word' id='word_1_23' title='bbox 1302 454 1488 489; x_wconf 65' lang='grc' dir='ltr'><strong>111110111ἃο</strong></span> <span class='ocrx_word' id='word_1_24' title='bbox 1517 475 1524 482; x_wconf 86' lang='lat'><strong>·</strong></span> <span class='ocrx_word' id='word_1_25' title='bbox 1554 452 1796 489; x_wconf 87' lang='lat' dir='ltr'>Confirmatio</span> <span class='ocrx_word' id='word_1_26' title='bbox 1829 454 1914 489; x_wconf 83' lang='lat' dir='ltr'>data</span> 
     </span>
     <span class='ocr_line' id='line_1_6' title="bbox 336 521 1914 570; baseline -0.001 -12"><span class='ocrx_word' id='word_1_27' title='bbox 336 527 355 561; x_wconf 76' lang='grc'>7</span> <span class='ocrx_word' id='word_1_28' title='bbox 378 522 550 558; x_wconf 55' lang='lat' dir='ltr'>Onobris</span> <span class='ocrx_word' id='word_1_29' title='bbox 572 526 666 558; x_wconf 74' lang='lat'>1584</span> <span class='ocrx_word' id='word_1_30' title='bbox 691 535 814 558; x_wconf 85' lang='lat' dir='ltr'>coram</span> <span class='ocrx_word' id='word_1_31' title='bbox 836 522 1000 570; x_wconf 82' lang='lat' dir='ltr'>Georgio</span> <span class='ocrx_word' id='word_1_32' title='bbox 1022 522 1096 558; x_wconf 89' lang='lat' dir='ltr'>Gib</span> <span class='ocrx_word' id='word_1_33' title='bbox 1115 521 1153 557; x_wconf 89' lang='lat' dir='ltr'>in</span> <span class='ocrx_word' id='word_1_34' title='bbox 1175 521 1262 557; x_wconf 83' lang='lat' dir='ltr'>villa</span> <span class='ocrx_word' id='word_1_35' title='bbox 1280 522 1325 557; x_wconf 89' lang='lat' dir='ltr'>de</span> <span class='ocrx_word' id='word_1_36' title='bbox 1344 521 1453 557; x_wconf 84' lang='lat' dir='ltr'>Leith</span> <span class='ocrx_word' id='word_1_37' title='bbox 1473 527 1722 557; x_wconf 84' lang='lat' dir='ltr'>commorante</span> <span class='ocrx_word' id='word_1_38' title='bbox 1742 521 1914 569; x_wconf 80' lang='lat' dir='ltr'>magistro</span> 
     </span>
     <span class='ocr_line' id='line_1_7' title="bbox 337 588 1913 639; baseline -0.001 -12"><span class='ocrx_word' id='word_1_39' title='bbox 337 591 499 639; x_wconf 83' lang='lat' dir='ltr'>Georgio</span> <span class='ocrx_word' id='word_1_40' title='bbox 526 591 730 626; x_wconf 83' lang='lat' dir='ltr'>Makesoun</span> <span class='ocrx_word' id='word_1_41' title='bbox 757 591 874 627; x_wconf 84' lang='lat' dir='ltr'>scriba</span> <span class='ocrx_word' id='word_1_42' title='bbox 899 590 1046 626; x_wconf 81' lang='lat' dir='ltr'>Joanne</span> <span class='ocrx_word' id='word_1_43' title='bbox 1074 590 1169 626; x_wconf 80' lang='lat' dir='ltr'>Blak</span> <span class='ocrx_word' id='word_1_44' title='bbox 1197 591 1334 626; x_wconf 83' lang='lat' dir='ltr'>sartore</span> <span class='ocrx_word' id='word_1_45' title='bbox 1363 589 1540 638; x_wconf 84' lang='lat' dir='ltr'>burgense</span> <span class='ocrx_word' id='word_1_46' title='bbox 1564 588 1913 626; x_wconf 84' lang='lat' dir='ltr'>Vicicanonicorum</span> 
     </span>
     <span class='ocr_line' id='line_1_8' title="bbox 338 659 1517 708; baseline 0 -13"><span class='ocrx_word' id='word_1_47' title='bbox 338 667 373 695; x_wconf 81' lang='lat' dir='ltr'>et</span> <span class='ocrx_word' id='word_1_48' title='bbox 391 659 416 696; x_wconf 84' lang='lat' dir='ltr'>J</span> <span class='ocrx_word' id='word_1_49' title='bbox 419 660 534 695; x_wconf 82' lang='lat' dir='ltr'>acobo</span> <span class='ocrx_word' id='word_1_50' title='bbox 553 659 705 708; x_wconf 82' lang='lat' dir='ltr'>Logane</span> <span class='ocrx_word' id='word_1_51' title='bbox 724 660 870 696; x_wconf 87' lang='lat' dir='ltr'>notario</span> <span class='ocrx_word' id='word_1_52' title='bbox 890 672 932 695; x_wconf 87' lang='lat' dir='ltr'>ac</span> <span class='ocrx_word' id='word_1_53' title='bbox 954 659 1070 695; x_wconf 84' lang='lat' dir='ltr'>scriba</span> <span class='ocrx_word' id='word_1_54' title='bbox 1089 659 1178 694; x_wconf 69' lang='lat' dir='ltr'>diffi</span> <span class='ocrx_word' id='word_1_55' title='bbox 1197 659 1303 707; x_wconf 82' lang='lat' dir='ltr'>burgi</span> <span class='ocrx_word' id='word_1_56' title='bbox 1323 672 1404 695; x_wconf 90' lang='lat' dir='ltr'>eum</span> <span class='ocrx_word' id='word_1_57' title='bbox 1425 660 1517 696; x_wconf 83' lang='lat' dir='ltr'>aliis.</span> 
     </span>
    </p>
   </div>
   <div class='ocr_carea' id='block_1_5' title="bbox 337 782 1919 1880">
    <p class='ocr_par' dir='ltr' id='par_1_5' title="bbox 337 782 1919 1880">
     <span class='ocr_line' id='line_1_9' title="bbox 337 782 1915 846; baseline -0.003 -12"><span class='ocrx_word' id='word_1_58' title='bbox 337 782 527 835; x_wconf 76' lang='lat' dir='ltr'><strong>-JOANNES</strong></span> <span class='ocrx_word' id='word_1_59' title='bbox 560 798 699 834; x_wconf 87' lang='lat' dir='ltr'>Bowfie</span> <span class='ocrx_word' id='word_1_60' title='bbox 727 798 863 845; x_wconf 84' lang='lat' dir='ltr'>aliique</span> <span class='ocrx_word' id='word_1_61' title='bbox 890 796 1119 846; x_wconf 83' lang='lat' dir='ltr'>hospitularii</span> <span class='ocrx_word' id='word_1_62' title='bbox 1150 802 1186 832; x_wconf 87' lang='lat' dir='ltr'>et</span> <span class='ocrx_word' id='word_1_63' title='bbox 1217 795 1391 843; x_wconf 81' lang='lat' dir='ltr'>magister</span> <span class='ocrx_word' id='word_1_64' title='bbox 1418 795 1604 843; x_wconf 86' lang='lat' dir='ltr'>hospitalis</span> <span class='ocrx_word' id='word_1_65' title='bbox 1632 809 1714 832; x_wconf 89' lang='lat' dir='ltr'>cum</span> <span class='ocrx_word' id='word_1_66' title='bbox 1743 796 1915 831; x_wconf 83' lang='lat' dir='ltr'>consensu</span> 
     </span>
     <span class='ocr_line' id='line_1_10' title="bbox 339 864 1916 916; baseline -0.002 -13"><span class='ocrx_word' id='word_1_67' title='bbox 339 867 510 916; x_wconf 78' lang='lat' dir='ltr'>prepositi</span> <span class='ocrx_word' id='word_1_68' title='bbox 530 875 566 903; x_wconf 86' lang='lat' dir='ltr'>et</span> <span class='ocrx_word' id='word_1_69' title='bbox 584 867 910 915; x_wconf 86' lang='lat' dir='ltr'>prebendariorum</span> <span class='ocrx_word' id='word_1_70' title='bbox 940 866 1159 902; x_wconf 82' lang='lat' dir='ltr'>confirmant</span> <span class='ocrx_word' id='word_1_71' title='bbox 1178 870 1317 900; x_wconf 79' lang='lat' dir='ltr'>cartam</span> <span class='ocrx_word' id='word_1_72' title='bbox 1336 864 1399 900; x_wconf 89' lang='lat' dir='ltr'>sub</span> <span class='ocrx_word' id='word_1_73' title='bbox 1418 864 1487 900; x_wconf 83' lang='lat' dir='ltr'>hac</span> <span class='ocrx_word' id='word_1_74' title='bbox 1506 865 1623 900; x_wconf 87' lang='lat' dir='ltr'>forma</span> <span class='ocrx_word' id='word_1_75' title='bbox 1641 887 1648 894; x_wconf 92' lang='lat'><strong>·</strong></span> <span class='ocrx_word' id='word_1_76' title='bbox 1668 865 1916 900; x_wconf 69' lang='lat' dir='ltr'>MARGARETA</span> 
     </span>
     <span class='ocr_line' id='line_1_11' title="bbox 340 933 1916 982; baseline -0.002 -10"><span class='ocrx_word' id='word_1_77' title='bbox 340 935 532 972; x_wconf 75' lang='lat' dir='ltr'>Elizabeth</span> <span class='ocrx_word' id='word_1_78' title='bbox 553 941 589 972; x_wconf 83' lang='lat' dir='ltr'>et</span> <span class='ocrx_word' id='word_1_79' title='bbox 604 936 751 971; x_wconf 85' lang='lat' dir='ltr'>Helena</span> <span class='ocrx_word' id='word_1_80' title='bbox 766 935 968 971; x_wconf 81' lang='lat' dir='ltr'>Wilsounis</span> <span class='ocrx_word' id='word_1_81' title='bbox 989 934 1074 982; x_wconf 86' lang='lat' dir='ltr'>[etc.</span> <span class='ocrx_word' id='word_1_82' title='bbox 1095 934 1256 982; x_wconf 83' lang='lat' dir='ltr'>utsupra</span> <span class='ocrx_word' id='word_1_83' title='bbox 1274 933 1347 969; x_wconf 86' lang='lat' dir='ltr'>No.</span> <span class='ocrx_word' id='word_1_84' title='bbox 1371 933 1457 982; x_wconf 85' lang='lat'>134]</span> <span class='ocrx_word' id='word_1_85' title='bbox 1480 955 1488 963; x_wconf 92' lang='lat'><strong>·</strong></span> <span class='ocrx_word' id='word_1_86' title='bbox 1509 934 1682 970; x_wconf 79' lang='lat' dir='ltr'>videlicet</span> <span class='ocrx_word' id='word_1_87' title='bbox 1701 933 1916 982; x_wconf 83' lang='lat' dir='ltr'>Margareta</span> 
     </span>
     <span class='ocr_line' id='line_1_12' title="bbox 341 1002 1916 1053; baseline -0.002 -13"><span class='ocrx_word' id='word_1_88' title='bbox 341 1018 421 1040; x_wconf 87' lang='lat' dir='ltr'>cum</span> <span class='ocrx_word' id='word_1_89' title='bbox 442 1005 616 1041; x_wconf 90' lang='lat' dir='ltr'>consensu</span> <span class='ocrx_word' id='word_1_90' title='bbox 637 1004 791 1053; x_wconf 83' lang='lat' dir='ltr'>Georgii</span> <span class='ocrx_word' id='word_1_91' title='bbox 811 1003 943 1040; x_wconf 87' lang='lat' dir='ltr'>Vortie</span> <span class='ocrx_word' id='word_1_92' title='bbox 971 1003 1023 1038; x_wconf 90' lang='lat' dir='ltr'>sui</span> <span class='ocrx_word' id='word_1_93' title='bbox 1051 1002 1216 1051; x_wconf 82' lang='lat' dir='ltr'>coniugis</span> <span class='ocrx_word' id='word_1_94' title='bbox 1239 1009 1275 1039; x_wconf 87' lang='lat' dir='ltr'>et</span> <span class='ocrx_word' id='word_1_95' title='bbox 1295 1003 1440 1039; x_wconf 86' lang='lat' dir='ltr'>Helena</span> <span class='ocrx_word' id='word_1_96' title='bbox 1469 1016 1553 1039; x_wconf 87' lang='lat' dir='ltr'>cum</span> <span class='ocrx_word' id='word_1_97' title='bbox 1572 1004 1747 1039; x_wconf 88' lang='lat' dir='ltr'>consensu</span> <span class='ocrx_word' id='word_1_98' title='bbox 1765 1002 1916 1038; x_wconf 82' lang='lat' dir='ltr'>Patricii</span> 
     </span>
     <span class='ocr_line' id='line_1_13' title="bbox 339 1072 1916 1122; baseline -0.001 -12"><span class='ocrx_word' id='word_1_99' title='bbox 339 1075 440 1110; x_wconf 86' lang='lat' dir='ltr'>Piter</span> <span class='ocrx_word' id='word_1_100' title='bbox 459 1074 511 1109; x_wconf 89' lang='lat' dir='ltr'>sui</span> <span class='ocrx_word' id='word_1_101' title='bbox 540 1074 706 1122; x_wconf 82' lang='lat' dir='ltr'>coniugis</span> <span class='ocrx_word' id='word_1_102' title='bbox 732 1086 799 1120; x_wconf 90' lang='lat' dir='ltr'>pro</span> <span class='ocrx_word' id='word_1_103' title='bbox 826 1072 1105 1121; x_wconf 84' lang='lat' dir='ltr'>perimpletione</span> <span class='ocrx_word' id='word_1_104' title='bbox 1133 1074 1340 1108; x_wconf 68' lang='lat' dir='ltr'>contrafflms</span> <span class='ocrx_word' id='word_1_105' title='bbox 1367 1072 1449 1108; x_wconf 85' lang='lat' dir='ltr'>initi</span> <span class='ocrx_word' id='word_1_106' title='bbox 1476 1073 1573 1108; x_wconf 86' lang='lat' dir='ltr'>inter</span> <span class='ocrx_word' id='word_1_107' title='bbox 1596 1072 1691 1120; x_wconf 76' lang='lat' dir='ltr'>ipsos</span> <span class='ocrx_word' id='word_1_108' title='bbox 1719 1073 1764 1108; x_wconf 85' lang='lat' dir='ltr'>ab</span> <span class='ocrx_word' id='word_1_109' title='bbox 1784 1085 1856 1108; x_wconf 83' lang='lat' dir='ltr'>vna</span> <span class='ocrx_word' id='word_1_110' title='bbox 1881 1080 1916 1108; x_wconf 87' lang='lat' dir='ltr'>et</span> 
     </span>
     <span class='ocr_line' id='line_1_14' title="bbox 339 1140 1917 1190; baseline -0.003 -10"><span class='ocrx_word' id='word_1_111' title='bbox 339 1144 520 1180; x_wconf 81' lang='lat' dir='ltr'>Dauidem</span> <span class='ocrx_word' id='word_1_112' title='bbox 536 1143 672 1179; x_wconf 85' lang='lat' dir='ltr'>Flucar</span> <span class='ocrx_word' id='word_1_113' title='bbox 689 1143 861 1190; x_wconf 83' lang='lat' dir='ltr'>pistorem</span> <span class='ocrx_word' id='word_1_114' title='bbox 880 1142 915 1177; x_wconf 89' lang='lat' dir='ltr'>in</span> <span class='ocrx_word' id='word_1_115' title='bbox 933 1141 1020 1177; x_wconf 84' lang='lat' dir='ltr'>villa</span> <span class='ocrx_word' id='word_1_116' title='bbox 1037 1142 1083 1177; x_wconf 86' lang='lat' dir='ltr'>de</span> <span class='ocrx_word' id='word_1_117' title='bbox 1100 1140 1207 1177; x_wconf 82' lang='lat' dir='ltr'>Leith</span> <span class='ocrx_word' id='word_1_118' title='bbox 1228 1147 1264 1178; x_wconf 82' lang='lat' dir='ltr'>et</span> <span class='ocrx_word' id='word_1_119' title='bbox 1283 1140 1475 1177; x_wconf 79' lang='lat' dir='ltr'>Elizabeth</span> <span class='ocrx_word' id='word_1_120' title='bbox 1497 1141 1639 1178; x_wconf 84' lang='lat' dir='ltr'>Carnes</span> <span class='ocrx_word' id='word_1_121' title='bbox 1658 1142 1735 1178; x_wconf 86' lang='lat' dir='ltr'>eius</span> <span class='ocrx_word' id='word_1_122' title='bbox 1753 1142 1917 1190; x_wconf 85' lang='lat' dir='ltr'>sponsam</span> 
     </span>
     <span class='ocr_line' id='line_1_15' title="bbox 339 1209 1917 1260; baseline -0.002 -11"><span class='ocrx_word' id='word_1_123' title='bbox 339 1214 384 1249; x_wconf 79' lang='lat' dir='ltr'>ab</span> <span class='ocrx_word' id='word_1_124' title='bbox 403 1214 520 1249; x_wconf 83' lang='lat' dir='ltr'>altera</span> <span class='ocrx_word' id='word_1_125' title='bbox 539 1213 583 1248; x_wconf 85' lang='lat' dir='ltr'>de</span> <span class='ocrx_word' id='word_1_126' title='bbox 604 1213 690 1248; x_wconf 83' lang='lat' dir='ltr'>data</span> <span class='ocrx_word' id='word_1_127' title='bbox 708 1212 803 1260; x_wconf 80' lang='lat' dir='ltr'>apud</span> <span class='ocrx_word' id='word_1_128' title='bbox 823 1210 1043 1258; x_wconf 84' lang='lat' dir='ltr'>Edinburgh</span> <span class='ocrx_word' id='word_1_129' title='bbox 1069 1213 1091 1244; x_wconf 88' lang='grc'><em>5</em></span> <span class='ocrx_word' id='word_1_130' title='bbox 1111 1209 1332 1245; x_wconf 80' lang='lat' dir='ltr'>Novembris</span> <span class='ocrx_word' id='word_1_131' title='bbox 1355 1213 1450 1245; x_wconf 85' lang='grc'><strong>1583</strong></span> <span class='ocrx_word' id='word_1_132' title='bbox 1471 1211 1635 1246; x_wconf 79' lang='lat' dir='ltr'>vendunt</span> <span class='ocrx_word' id='word_1_133' title='bbox 1653 1211 1863 1246; x_wconf 82' lang='lat' dir='ltr'>memoratis</span> <span class='ocrx_word' id='word_1_134' title='bbox 1882 1217 1917 1246; x_wconf 90' lang='lat' dir='ltr'>et</span> 
     </span>
     <span class='ocr_line' id='line_1_16' title="bbox 339 1278 1917 1329; baseline -0.003 -10"><span class='ocrx_word' id='word_1_135' title='bbox 339 1283 534 1319; x_wconf 81' lang='lat' dir='ltr'>heredibus</span> <span class='ocrx_word' id='word_1_136' title='bbox 552 1282 650 1317; x_wconf 85' lang='lat' dir='ltr'>inter</span> <span class='ocrx_word' id='word_1_137' title='bbox 669 1281 761 1329; x_wconf 88' lang='lat' dir='ltr'>ipsos</span> <span class='ocrx_word' id='word_1_138' title='bbox 780 1280 960 1329; x_wconf 83' lang='lat' dir='ltr'>legittime</span> <span class='ocrx_word' id='word_1_139' title='bbox 987 1278 1191 1327; x_wconf 83' lang='lat' dir='ltr'>procreatis</span> <span class='ocrx_word' id='word_1_140' title='bbox 1218 1284 1254 1314; x_wconf 89' lang='lat' dir='ltr'>et</span> <span class='ocrx_word' id='word_1_141' title='bbox 1281 1278 1476 1314; x_wconf 87' lang='lat' dir='ltr'>heredibus</span> <span class='ocrx_word' id='word_1_142' title='bbox 1496 1279 1583 1314; x_wconf 60' lang='lat' dir='ltr'>dieti</span> <span class='ocrx_word' id='word_1_143' title='bbox 1600 1278 1756 1314; x_wconf 86' lang='lat' dir='ltr'>Dauidis</span> <span class='ocrx_word' id='word_1_144' title='bbox 1775 1279 1917 1326; x_wconf 83' lang='lat' dir='ltr'>quibus-</span> 
     </span>
     <span class='ocr_line' id='line_1_17' title="bbox 339 1346 1918 1399; baseline -0.004 -11"><span class='ocrx_word' id='word_1_145' title='bbox 339 1365 483 1399; x_wconf 85' lang='lat' dir='ltr'>cunque</span> <span class='ocrx_word' id='word_1_146' title='bbox 516 1358 650 1387; x_wconf 84' lang='lat' dir='ltr'>terram</span> <span class='ocrx_word' id='word_1_147' title='bbox 683 1349 905 1386; x_wconf 79' lang='lat' dir='ltr'>anteriorem</span> <span class='ocrx_word' id='word_1_148' title='bbox 937 1361 1004 1396; x_wconf 85' lang='lat' dir='ltr'>per</span> <span class='ocrx_word' id='word_1_149' title='bbox 1033 1348 1148 1384; x_wconf 62' lang='lat' dir='ltr'>dietos</span> <span class='ocrx_word' id='word_1_150' title='bbox 1175 1346 1361 1382; x_wconf 85' lang='lat' dir='ltr'>Dauidem</span> <span class='ocrx_word' id='word_1_151' title='bbox 1391 1352 1427 1382; x_wconf 90' lang='lat' dir='ltr'>et</span> <span class='ocrx_word' id='word_1_152' title='bbox 1454 1346 1647 1382; x_wconf 84' lang='lat' dir='ltr'>Elizabeth</span> <span class='ocrx_word' id='word_1_153' title='bbox 1675 1348 1814 1382; x_wconf 83' lang='lat' dir='ltr'>Carnes</span> <span class='ocrx_word' id='word_1_154' title='bbox 1841 1346 1918 1382; x_wconf 88' lang='lat' dir='ltr'>eius</span> 
     </span>
     <span class='ocr_line' id='line_1_18' title="bbox 338 1416 1919 1468; baseline -0.002 -13"><span class='ocrx_word' id='word_1_155' title='bbox 338 1420 499 1468; x_wconf 78' lang='lat' dir='ltr'>sponsam</span> <span class='ocrx_word' id='word_1_156' title='bbox 519 1424 735 1466; x_wconf 80' lang='lat' dir='ltr'>occupatam</span> <span class='ocrx_word' id='word_1_157' title='bbox 762 1417 944 1453; x_wconf 85' lang='lat' dir='ltr'>iacentem</span> <span class='ocrx_word' id='word_1_158' title='bbox 975 1416 1030 1465; x_wconf 87' lang='lat' dir='ltr'>[ut</span> <span class='ocrx_word' id='word_1_159' title='bbox 1049 1416 1156 1464; x_wconf 85' lang='lat' dir='ltr'>supra</span> <span class='ocrx_word' id='word_1_160' title='bbox 1175 1416 1248 1452; x_wconf 89' lang='lat' dir='ltr'>No.</span> <span class='ocrx_word' id='word_1_161' title='bbox 1272 1416 1359 1464; x_wconf 81' lang='lat'>134]</span> <span class='ocrx_word' id='word_1_162' title='bbox 1381 1437 1389 1445; x_wconf 91' lang='lat'><strong>·</strong></span> <span class='ocrx_word' id='word_1_163' title='bbox 1411 1416 1617 1452; x_wconf 86' lang='lat' dir='ltr'>Reddendo</span> <span class='ocrx_word' id='word_1_164' title='bbox 1645 1417 1834 1452; x_wconf 83' lang='lat' dir='ltr'>annuatim</span> <span class='ocrx_word' id='word_1_165' title='bbox 1863 1416 1919 1464; x_wconf 79' lang='lat' dir='ltr'>[ut</span> 
     </span>
     <span class='ocr_line' id='line_1_19' title="bbox 338 1484 1918 1537; baseline -0.003 -12"><span class='ocrx_word' id='word_1_166' title='bbox 338 1491 447 1537; x_wconf 82' lang='lat' dir='ltr'>supra</span> <span class='ocrx_word' id='word_1_167' title='bbox 466 1489 538 1524; x_wconf 87' lang='lat' dir='ltr'>No.</span> <span class='ocrx_word' id='word_1_168' title='bbox 562 1487 649 1535; x_wconf 80' lang='lat'>134]</span> <span class='ocrx_word' id='word_1_169' title='bbox 672 1507 678 1514; x_wconf 94' lang='lat'><em>-</em></span> <span class='ocrx_word' id='word_1_170' title='bbox 698 1487 812 1534; x_wconf 91' lang='lat' dir='ltr'>Apud</span> <span class='ocrx_word' id='word_1_171' title='bbox 831 1486 940 1522; x_wconf 87' lang='lat' dir='ltr'>Leith</span> <span class='ocrx_word' id='word_1_172' title='bbox 962 1489 1006 1521; x_wconf 86' lang='lat'>14</span> <span class='ocrx_word' id='word_1_173' title='bbox 1025 1485 1051 1521; x_wconf 86' lang='lat' dir='ltr'>J</span> <span class='ocrx_word' id='word_1_174' title='bbox 1054 1485 1119 1521; x_wconf 90' lang='lat' dir='ltr'>ulii</span> <span class='ocrx_word' id='word_1_175' title='bbox 1141 1487 1237 1520; x_wconf 83' lang='grc'><strong>1584</strong></span> <span class='ocrx_word' id='word_1_176' title='bbox 1265 1498 1388 1521; x_wconf 83' lang='lat' dir='ltr'>coram</span> <span class='ocrx_word' id='word_1_177' title='bbox 1416 1484 1580 1521; x_wconf 83' lang='lat' dir='ltr'>Roberto</span> <span class='ocrx_word' id='word_1_178' title='bbox 1608 1485 1688 1521; x_wconf 86' lang='lat' dir='ltr'>Ker</span> <span class='ocrx_word' id='word_1_179' title='bbox 1713 1491 1918 1521; x_wconf 83' lang='lat' dir='ltr'>mercatore</span> 
     </span>
     <span class='ocr_line' id='line_1_20' title="bbox 338 1553 1918 1602; baseline -0.003 -8"><span class='ocrx_word' id='word_1_180' title='bbox 338 1558 486 1594; x_wconf 83' lang='lat' dir='ltr'>Dauide</span> <span class='ocrx_word' id='word_1_181' title='bbox 506 1556 749 1593; x_wconf 82' lang='lat' dir='ltr'>Danielstoun</span> <span class='ocrx_word' id='word_1_182' title='bbox 777 1555 881 1591; x_wconf 83' lang='lat' dir='ltr'>fabro</span> <span class='ocrx_word' id='word_1_183' title='bbox 901 1555 1048 1591; x_wconf 85' lang='lat' dir='ltr'>aurario</span> <span class='ocrx_word' id='word_1_184' title='bbox 1070 1554 1249 1602; x_wconf 83' lang='lat' dir='ltr'>burgense</span> <span class='ocrx_word' id='word_1_185' title='bbox 1268 1554 1314 1590; x_wconf 90' lang='lat' dir='ltr'>de</span> <span class='ocrx_word' id='word_1_186' title='bbox 1333 1554 1553 1602; x_wconf 84' lang='lat' dir='ltr'>Edinburgh</span> <span class='ocrx_word' id='word_1_187' title='bbox 1580 1553 1753 1602; x_wconf 82' lang='lat' dir='ltr'>magistro</span> <span class='ocrx_word' id='word_1_188' title='bbox 1772 1553 1798 1590; x_wconf 86' lang='lat' dir='ltr'>J</span> <span class='ocrx_word' id='word_1_189' title='bbox 1801 1567 1918 1590; x_wconf 87' lang='lat' dir='ltr'>oanne</span> 
     </span>
     <span class='ocr_line' id='line_1_21' title="bbox 340 1621 1919 1674; baseline -0.003 -12"><span class='ocrx_word' id='word_1_190' title='bbox 340 1627 459 1674; x_wconf 81' lang='lat' dir='ltr'>Laing</span> <span class='ocrx_word' id='word_1_191' title='bbox 487 1631 522 1661; x_wconf 84' lang='lat' dir='ltr'>et</span> <span class='ocrx_word' id='word_1_192' title='bbox 544 1625 686 1661; x_wconf 83' lang='lat' dir='ltr'>Jacobo</span> <span class='ocrx_word' id='word_1_193' title='bbox 706 1624 785 1660; x_wconf 88' lang='lat' dir='ltr'>Ker</span> <span class='ocrx_word' id='word_1_194' title='bbox 812 1624 851 1659; x_wconf 90' lang='lat' dir='ltr'>in</span> <span class='ocrx_word' id='word_1_195' title='bbox 878 1622 1116 1659; x_wconf 87' lang='lat' dir='ltr'>Dudinstoun</span> <span class='ocrx_word' id='word_1_196' title='bbox 1144 1629 1180 1659; x_wconf 85' lang='lat' dir='ltr'>et</span> <span class='ocrx_word' id='word_1_197' title='bbox 1208 1621 1375 1658; x_wconf 89' lang='lat' dir='ltr'>Henrico</span> <span class='ocrx_word' id='word_1_198' title='bbox 1405 1622 1640 1659; x_wconf 78' lang='lat' dir='ltr'>Stevinstoun</span> <span class='ocrx_word' id='word_1_199' title='bbox 1668 1624 1847 1670; x_wconf 82' lang='lat' dir='ltr'>burgense</span> <span class='ocrx_word' id='word_1_200' title='bbox 1875 1623 1919 1658; x_wconf 86' lang='lat' dir='ltr'>de</span> 
     </span>
     <span class='ocr_line' id='line_1_22' title="bbox 340 1691 1919 1742; baseline -0.002 -12"><span class='ocrx_word' id='word_1_201' title='bbox 340 1694 559 1742; x_wconf 80' lang='lat' dir='ltr'>Edinburgh</span> <span class='ocrx_word' id='word_1_202' title='bbox 579 1706 660 1730; x_wconf 90' lang='lat' dir='ltr'>cum</span> <span class='ocrx_word' id='word_1_203' title='bbox 680 1692 758 1728; x_wconf 82' lang='lat' dir='ltr'>aliis</span> <span class='ocrx_word' id='word_1_204' title='bbox 776 1714 783 1721; x_wconf 94' lang='lat'><em>·</em></span> <span class='ocrx_word' id='word_1_205' title='bbox 806 1691 1047 1729; x_wconf 81' lang='lat' dir='ltr'>Confirmatio</span> <span class='ocrx_word' id='word_1_206' title='bbox 1067 1692 1154 1728; x_wconf 80' lang='lat' dir='ltr'>data</span> <span class='ocrx_word' id='word_1_207' title='bbox 1172 1692 1192 1731; x_wconf 82' lang='lat'><strong>7</strong></span> <span class='ocrx_word' id='word_1_208' title='bbox 1211 1691 1382 1728; x_wconf 64' lang='lat' dir='ltr'>O&amp;obris</span> <span class='ocrx_word' id='word_1_209' title='bbox 1403 1694 1499 1727; x_wconf 86' lang='grc'><strong>1584</strong></span> <span class='ocrx_word' id='word_1_210' title='bbox 1519 1704 1641 1728; x_wconf 83' lang='lat' dir='ltr'>coram</span> <span class='ocrx_word' id='word_1_211' title='bbox 1663 1692 1827 1739; x_wconf 86' lang='lat' dir='ltr'>Georgio</span> <span class='ocrx_word' id='word_1_212' title='bbox 1847 1691 1919 1728; x_wconf 88' lang='lat' dir='ltr'>Gib</span> 
     </span>
     <span class='ocr_line' id='line_1_23' title="bbox 341 1760 1919 1809; baseline -0.002 -10"><span class='ocrx_word' id='word_1_213' title='bbox 341 1765 377 1799; x_wconf 87' lang='lat' dir='ltr'>in</span> <span class='ocrx_word' id='word_1_214' title='bbox 407 1763 495 1799; x_wconf 75' lang='lat' dir='ltr'>villa</span> <span class='ocrx_word' id='word_1_215' title='bbox 522 1763 567 1799; x_wconf 91' lang='lat' dir='ltr'>de</span> <span class='ocrx_word' id='word_1_216' title='bbox 594 1762 704 1799; x_wconf 86' lang='lat' dir='ltr'>Leith</span> <span class='ocrx_word' id='word_1_217' title='bbox 724 1760 897 1809; x_wconf 85' lang='lat' dir='ltr'>magistro</span> <span class='ocrx_word' id='word_1_218' title='bbox 917 1760 1078 1808; x_wconf 84' lang='lat' dir='ltr'>Georgio</span> <span class='ocrx_word' id='word_1_219' title='bbox 1108 1760 1312 1796; x_wconf 82' lang='lat' dir='ltr'>Makesoun</span> <span class='ocrx_word' id='word_1_220' title='bbox 1340 1760 1458 1796; x_wconf 82' lang='lat' dir='ltr'>scriba</span> <span class='ocrx_word' id='word_1_221' title='bbox 1483 1760 1631 1796; x_wconf 83' lang='lat' dir='ltr'>Joanne</span> <span class='ocrx_word' id='word_1_222' title='bbox 1659 1761 1754 1797; x_wconf 82' lang='lat' dir='ltr'>Blak</span> <span class='ocrx_word' id='word_1_223' title='bbox 1782 1760 1919 1797; x_wconf 83' lang='lat' dir='ltr'>sartore</span> 
     </span>
     <span class='ocr_line' id='line_1_24' title="bbox 341 1829 1518 1880; baseline -0.003 -12"><span class='ocrx_word' id='word_1_224' title='bbox 341 1832 519 1880; x_wconf 80' lang='lat' dir='ltr'>burgense</span> <span class='ocrx_word' id='word_1_225' title='bbox 541 1830 891 1867; x_wconf 88' lang='lat' dir='ltr'>Vicicanonicorum</span> <span class='ocrx_word' id='word_1_226' title='bbox 914 1834 950 1866; x_wconf 85' lang='lat' dir='ltr'>et</span> <span class='ocrx_word' id='word_1_227' title='bbox 968 1829 994 1865; x_wconf 83' lang='lat' dir='ltr'><strong>J</strong></span> <span class='ocrx_word' id='word_1_228' title='bbox 997 1842 1116 1865; x_wconf 82' lang='lat' dir='ltr'>oanne</span> <span class='ocrx_word' id='word_1_229' title='bbox 1135 1829 1304 1866; x_wconf 84' lang='lat' dir='ltr'>Wilsoun</span> <span class='ocrx_word' id='word_1_230' title='bbox 1324 1842 1405 1866; x_wconf 84' lang='lat' dir='ltr'>cum</span> <span class='ocrx_word' id='word_1_231' title='bbox 1425 1829 1518 1865; x_wconf 84' lang='lat' dir='ltr'>aliis.</span> 
     </span>
    </p>
   </div>
   <div class='ocr_carea' id='block_1_6' title="bbox 343 1952 1924 2425">
    <p class='ocr_par' dir='ltr' id='par_1_6' title="bbox 343 1952 1924 2425">
     <span class='ocr_line' id='line_1_25' title="bbox 343 1952 1922 2016; baseline -0.003 -11"><span class='ocrx_word' id='word_1_232' title='bbox 343 1952 521 2007; x_wconf 78' lang='lat' dir='ltr'>ROBERT</span> <span class='ocrx_word' id='word_1_233' title='bbox 550 1969 724 2016; x_wconf 85' lang='lat' dir='ltr'>Hecquat</span> <span class='ocrx_word' id='word_1_234' title='bbox 751 1968 967 2004; x_wconf 84' lang='lat' dir='ltr'>Alexander</span> <span class='ocrx_word' id='word_1_235' title='bbox 986 1966 1208 2003; x_wconf 89' lang='lat' dir='ltr'>Andersoun</span> <span class='ocrx_word' id='word_1_236' title='bbox 1236 1965 1309 2002; x_wconf 84' lang='lat' dir='ltr'>and</span> <span class='ocrx_word' id='word_1_237' title='bbox 1327 1965 1512 2002; x_wconf 84' lang='lat' dir='ltr'>Williame</span> <span class='ocrx_word' id='word_1_238' title='bbox 1534 1964 1665 2013; x_wconf 86' lang='lat' dir='ltr'>Smyth</span> <span class='ocrx_word' id='word_1_239' title='bbox 1690 1964 1922 2013; x_wconf 81' lang='lat' dir='ltr'>hospitularis</span> 
     </span>
     <span class='ocr_line' id='line_1_26' title="bbox 344 2033 1923 2084; baseline -0.004 -10"><span class='ocrx_word' id='word_1_240' title='bbox 344 2040 417 2074; x_wconf 82' lang='lat' dir='ltr'>and</span> <span class='ocrx_word' id='word_1_241' title='bbox 436 2039 607 2074; x_wconf 88' lang='lat' dir='ltr'>beidmen</span> <span class='ocrx_word' id='word_1_242' title='bbox 625 2037 664 2073; x_wconf 85' lang='lat' dir='ltr'>of</span> <span class='ocrx_word' id='word_1_243' title='bbox 680 2037 741 2073; x_wconf 86' lang='lat' dir='ltr'>the</span> <span class='ocrx_word' id='word_1_244' title='bbox 760 2036 938 2084; x_wconf 84' lang='lat' dir='ltr'>hospitale</span> <span class='ocrx_word' id='word_1_245' title='bbox 957 2035 998 2071; x_wconf 90' lang='lat' dir='ltr'>of</span> <span class='ocrx_word' id='word_1_246' title='bbox 1016 2035 1161 2083; x_wconf 81' lang='lat' dir='ltr'>Soltray</span> <span class='ocrx_word' id='word_1_247' title='bbox 1176 2033 1263 2070; x_wconf 79' lang='lat' dir='ltr'>with</span> <span class='ocrx_word' id='word_1_248' title='bbox 1283 2035 1433 2070; x_wconf 83' lang='lat' dir='ltr'>consent</span> <span class='ocrx_word' id='word_1_249' title='bbox 1452 2034 1492 2069; x_wconf 92' lang='lat' dir='ltr'>of</span> <span class='ocrx_word' id='word_1_250' title='bbox 1507 2034 1569 2070; x_wconf 91' lang='lat' dir='ltr'>the</span> <span class='ocrx_word' id='word_1_251' title='bbox 1585 2033 1732 2082; x_wconf 86' lang='lat' dir='ltr'>provest</span> <span class='ocrx_word' id='word_1_252' title='bbox 1751 2033 1825 2069; x_wconf 82' lang='lat' dir='ltr'>and</span> <span class='ocrx_word' id='word_1_253' title='bbox 1842 2045 1923 2080; x_wconf 89' lang='lat' dir='ltr'>pre-</span> 
     </span>
     <span class='ocr_line' id='line_1_27' title="bbox 344 2102 1923 2152; baseline -0.002 -12"><span class='ocrx_word' id='word_1_254' title='bbox 344 2106 515 2142; x_wconf 80' lang='lat' dir='ltr'>bendaris</span> <span class='ocrx_word' id='word_1_255' title='bbox 540 2106 580 2141; x_wconf 89' lang='lat' dir='ltr'>of</span> <span class='ocrx_word' id='word_1_256' title='bbox 604 2105 664 2141; x_wconf 89' lang='lat' dir='ltr'>the</span> <span class='ocrx_word' id='word_1_257' title='bbox 685 2104 833 2141; x_wconf 85' lang='lat' dir='ltr'>Trinite</span> <span class='ocrx_word' id='word_1_258' title='bbox 863 2103 1016 2152; x_wconf 82' lang='lat' dir='ltr'>College</span> <span class='ocrx_word' id='word_1_259' title='bbox 1043 2103 1155 2151; x_wconf 78' lang='lat' dir='ltr'>besyd</span> <span class='ocrx_word' id='word_1_260' title='bbox 1181 2103 1401 2151; x_wconf 84' lang='lat' dir='ltr'>Edinburgh</span> <span class='ocrx_word' id='word_1_261' title='bbox 1426 2102 1525 2140; x_wconf 81' lang='lat' dir='ltr'>settis</span> <span class='ocrx_word' id='word_1_262' title='bbox 1544 2109 1581 2139; x_wconf 88' lang='lat' dir='ltr'>to</span> <span class='ocrx_word' id='word_1_263' title='bbox 1600 2103 1727 2139; x_wconf 85' lang='lat' dir='ltr'>James</span> <span class='ocrx_word' id='word_1_264' title='bbox 1744 2102 1923 2138; x_wconf 80' lang='lat' dir='ltr'>Lawsoun</span> 
     </span>
     <span class='ocr_line' id='line_1_28' title="bbox 346 2169 1922 2221; baseline -0.003 -12"><span class='ocrx_word' id='word_1_265' title='bbox 346 2175 383 2209; x_wconf 87' lang='lat' dir='ltr'>in</span> <span class='ocrx_word' id='word_1_266' title='bbox 403 2174 521 2209; x_wconf 85' lang='lat' dir='ltr'>Eister</span> <span class='ocrx_word' id='word_1_267' title='bbox 540 2172 801 2221; x_wconf 82' lang='lat' dir='ltr'>Dudingstoun</span> <span class='ocrx_word' id='word_1_268' title='bbox 828 2172 885 2208; x_wconf 85' lang='lat' dir='ltr'>his</span> <span class='ocrx_word' id='word_1_269' title='bbox 912 2172 999 2207; x_wconf 83' lang='lat' dir='ltr'>airis</span> <span class='ocrx_word' id='word_1_270' title='bbox 1027 2171 1195 2220; x_wconf 84' lang='lat' dir='ltr'>affignais</span> <span class='ocrx_word' id='word_1_271' title='bbox 1222 2172 1295 2207; x_wconf 82' lang='lat' dir='ltr'>and</span> <span class='ocrx_word' id='word_1_272' title='bbox 1319 2171 1571 2208; x_wconf 83' lang='lat' dir='ltr'>subtennentis</span> <span class='ocrx_word' id='word_1_273' title='bbox 1590 2170 1651 2206; x_wconf 88' lang='lat' dir='ltr'>the</span> <span class='ocrx_word' id='word_1_274' title='bbox 1670 2169 1922 2206; x_wconf 81' lang='lat' dir='ltr'>teindschaves</span> 
     </span>
     <span class='ocr_line' id='line_1_29' title="bbox 348 2237 1923 2288; baseline -0.004 -10"><span class='ocrx_word' id='word_1_275' title='bbox 348 2242 387 2277; x_wconf 87' lang='lat' dir='ltr'>of</span> <span class='ocrx_word' id='word_1_276' title='bbox 403 2242 504 2278; x_wconf 84' lang='lat' dir='ltr'>Over</span> <span class='ocrx_word' id='word_1_277' title='bbox 524 2243 596 2277; x_wconf 85' lang='lat' dir='ltr'>and</span> <span class='ocrx_word' id='word_1_278' title='bbox 616 2242 653 2277; x_wconf 89' lang='lat' dir='ltr'>N</span> <span class='ocrx_word' id='word_1_279' title='bbox 657 2242 760 2277; x_wconf 88' lang='lat' dir='ltr'>ether</span> <span class='ocrx_word' id='word_1_280' title='bbox 780 2240 1044 2276; x_wconf 81' lang='lat' dir='ltr'>Broderstanes</span> <span class='ocrx_word' id='word_1_281' title='bbox 1070 2240 1143 2276; x_wconf 83' lang='lat' dir='ltr'>and</span> <span class='ocrx_word' id='word_1_282' title='bbox 1164 2240 1336 2276; x_wconf 87' lang='lat' dir='ltr'>Gilstoun</span> <span class='ocrx_word' id='word_1_283' title='bbox 1356 2239 1529 2288; x_wconf 86' lang='lat' dir='ltr'>quhairof</span> <span class='ocrx_word' id='word_1_284' title='bbox 1544 2239 1604 2275; x_wconf 84' lang='lat' dir='ltr'>the</span> <span class='ocrx_word' id='word_1_285' title='bbox 1623 2239 1698 2275; x_wconf 83' lang='lat' dir='ltr'>said</span> <span class='ocrx_word' id='word_1_286' title='bbox 1715 2237 1742 2274; x_wconf 82' lang='lat' dir='ltr'><strong>J</strong></span> <span class='ocrx_word' id='word_1_287' title='bbox 1743 2250 1840 2274; x_wconf 85' lang='lat' dir='ltr'>ames</span> <span class='ocrx_word' id='word_1_288' title='bbox 1859 2237 1923 2273; x_wconf 87' lang='lat' dir='ltr'>hes</span> 
     </span>
     <span class='ocr_line' id='line_1_30' title="bbox 349 2305 1924 2357; baseline -0.003 -12"><span class='ocrx_word' id='word_1_289' title='bbox 349 2311 441 2345; x_wconf 92' lang='lat' dir='ltr'>bene</span> <span class='ocrx_word' id='word_1_290' title='bbox 468 2311 505 2345; x_wconf 94' lang='lat' dir='ltr'>in</span> <span class='ocrx_word' id='word_1_291' title='bbox 532 2309 745 2357; x_wconf 73' lang='lat' dir='ltr'>posseffioun</span> <span class='ocrx_word' id='word_1_292' title='bbox 765 2309 887 2345; x_wconf 80' lang='lat' dir='ltr'>diuers</span> <span class='ocrx_word' id='word_1_293' title='bbox 914 2308 1027 2357; x_wconf 78' lang='lat' dir='ltr'>yeiris</span> <span class='ocrx_word' id='word_1_294' title='bbox 1045 2308 1160 2356; x_wconf 85' lang='lat' dir='ltr'>lyand</span> <span class='ocrx_word' id='word_1_295' title='bbox 1186 2308 1314 2344; x_wconf 87' lang='lat' dir='ltr'>within</span> <span class='ocrx_word' id='word_1_296' title='bbox 1342 2308 1404 2344; x_wconf 86' lang='lat' dir='ltr'>the</span> <span class='ocrx_word' id='word_1_297' title='bbox 1430 2307 1599 2355; x_wconf 85' lang='lat' dir='ltr'>regalitie</span> <span class='ocrx_word' id='word_1_298' title='bbox 1619 2307 1659 2342; x_wconf 93' lang='lat' dir='ltr'>of</span> <span class='ocrx_word' id='word_1_299' title='bbox 1683 2305 1831 2354; x_wconf 86' lang='lat' dir='ltr'>Soltray</span> <span class='ocrx_word' id='word_1_300' title='bbox 1851 2306 1924 2341; x_wconf 85' lang='lat' dir='ltr'>and</span> 
     </span>
     <span class='ocr_line' id='line_1_31' title="bbox 350 2373 1923 2425; baseline -0.001 -14"><span class='ocrx_word' id='word_1_301' title='bbox 350 2377 588 2413; x_wconf 85' lang='lat' dir='ltr'>schirefdome</span> <span class='ocrx_word' id='word_1_302' title='bbox 608 2378 648 2412; x_wconf 87' lang='lat' dir='ltr'>of</span> <span class='ocrx_word' id='word_1_303' title='bbox 661 2377 879 2425; x_wconf 80' lang='lat' dir='ltr'>Edinburgh</span> <span class='ocrx_word' id='word_1_304' title='bbox 898 2377 955 2412; x_wconf 87' lang='lat' dir='ltr'>for</span> <span class='ocrx_word' id='word_1_305' title='bbox 976 2380 1021 2417; x_wconf 89' lang='lat'>19</span> <span class='ocrx_word' id='word_1_306' title='bbox 1040 2376 1152 2425; x_wconf 74' lang='lat' dir='ltr'>yeiris</span> <span class='ocrx_word' id='word_1_307' title='bbox 1169 2376 1287 2413; x_wconf 86' lang='lat' dir='ltr'>entrie</span> <span class='ocrx_word' id='word_1_308' title='bbox 1306 2382 1343 2412; x_wconf 84' lang='lat' dir='ltr'>at</span> <span class='ocrx_word' id='word_1_309' title='bbox 1362 2375 1580 2423; x_wconf 80' lang='lat' dir='ltr'>Witsonday</span> <span class='ocrx_word' id='word_1_310' title='bbox 1599 2375 1678 2410; x_wconf 86' lang='lat' dir='ltr'>nixt</span> <span class='ocrx_word' id='word_1_311' title='bbox 1695 2377 1791 2410; x_wconf 88' lang='grc'><strong>1585</strong></span> <span class='ocrx_word' id='word_1_312' title='bbox 1807 2395 1814 2403; x_wconf 89' lang='lat'><strong>·</strong></span> <span class='ocrx_word' id='word_1_313' title='bbox 1830 2373 1923 2421; x_wconf 76' lang='lat' dir='ltr'>Pay-</span> 
     </span>
    </p>
   </div>
   <div class='ocr_carea' id='block_1_7' title="bbox 352 2442 1928 2493">
    <p class='ocr_par' dir='ltr' id='par_1_7' title="bbox 352 2442 1928 2493">
     <span class='ocr_line' id='line_1_32' title="bbox 352 2442 1928 2493; baseline -0.002 -13"><span class='ocrx_word' id='word_1_314' title='bbox 352 2446 423 2480; x_wconf 80' lang='lat' dir='ltr'>and</span> <span class='ocrx_word' id='word_1_315' title='bbox 442 2445 569 2493; x_wconf 70' lang='lat' dir='ltr'>yeirlie</span> <span class='ocrx_word' id='word_1_316' title='bbox 589 2448 635 2480; x_wconf 71' lang='lat'>‘24</span> <span class='ocrx_word' id='word_1_317' title='bbox 648 2458 695 2480; x_wconf 89' lang='lat' dir='ltr'>m.</span> <span class='ocrx_word' id='word_1_318' title='bbox 716 2458 850 2493; x_wconf 82' lang='lat' dir='ltr'>money</span> <span class='ocrx_word' id='word_1_319' title='bbox 870 2446 910 2480; x_wconf 91' lang='lat' dir='ltr'>of</span> <span class='ocrx_word' id='word_1_320' title='bbox 935 2444 1112 2482; x_wconf 88' lang='lat' dir='ltr'>Scotland</span> <span class='ocrx_word' id='word_1_321' title='bbox 1132 2444 1304 2481; x_wconf 80' lang='lat' dir='ltr'>videlicet</span> <span class='ocrx_word' id='word_1_322' title='bbox 1332 2448 1411 2480; x_wconf 87' lang='grc'><strong>8111.</strong></span> <span class='ocrx_word' id='word_1_323' title='bbox 1433 2443 1564 2492; x_wconf 75' lang='lat' dir='ltr'>yeirlie</span> <span class='ocrx_word' id='word_1_324' title='bbox 1583 2443 1640 2478; x_wconf 86' lang='lat' dir='ltr'>for</span> <span class='ocrx_word' id='word_1_325' title='bbox 1659 2442 1781 2478; x_wconf 87' lang='lat' dir='ltr'>euerie</span> <span class='ocrx_word' id='word_1_326' title='bbox 1800 2455 1869 2478; x_wconf 87' lang='lat' dir='ltr'>ane</span> <span class='ocrx_word' id='word_1_327' title='bbox 1889 2442 1928 2477; x_wconf 91' lang='lat' dir='ltr'>of</span> 
     </span>
    </p>
   </div>
  </div>
 </body>
</html>
