2147 2964
358 329 429 367 274
727 324 906 362 CARTE
932 322 1186 360 ECCLESIE
1216 322 1556 360 COLLEGIATE

359 434 442 461 catu
472 431 507 461 et
537 424 725 472 prebenda
755 423 927 471 predictis
958 421 1232 469 quomodolibet
1264 423 1485 470 competenti
1516 422 1625 458 hodie
1656 435 1722 469 per
1755 422 1923 458 dilectum

358 493 469 528 filium
487 498 556 528 etc.
575 498 851 540 procuratorem
871 490 971 526 suum
991 491 1038 526 ad
1055 490 1125 525 hoc
1144 491 1189 526 ab
1208 503 1250 525 eo
1270 490 1474 538 specialiter
1493 490 1728 526 constitutum
1747 503 1814 539 pro
1832 491 1927 526 bona

357 574 445 610 pace
464 567 500 597 et
519 561 717 596 concordia
735 561 773 595 in
792 559 958 595 manibus
985 558 1117 594 nostris
1145 557 1271 605 sponte
1298 565 1333 594 ct
1351 559 1467 595 libere
1487 558 1626 595 cesserit
1646 566 1681 595 et
1701 558 1926 594 diffolueioni

358 631 451 666 άίἃθ
471 630 615 665 vnionis
642 630 861 665 consenserit
888 629 1023 675 nosque
1051 627 1241 662 ceffionem
1269 627 1473 663 huiusmodi
1502 628 1713 663 duxerimus
1737 628 1930 663 admitten-

360 699 442 734 dam
470 719 478 727 ·
506 703 542 734 et
575 697 664 734 ficut
698 698 823 733 eadem
851 696 980 744 petitio
1009 696 1247 743 subiungebat
1278 696 1303 730 si
1331 696 1483 731 ecclesia
1512 695 1643 732 sanae
1672 702 1706 731 et
1735 695 1930 731 Indiuidue

361 766 555 802 Trinitatis
575 772 610 801 et
629 766 742 801 Beate
763 765 882 800 Marie
902 764 1056 812 virginis
1083 764 1180 799 infra
1206 763 1340 799 limites
1367 765 1589 810 parochialis
1617 764 1765 800 ecclesie
1792 771 1827 800 et
1856 765 1927 800 loci

362 836 406 870 de
426 834 610 881 Restalrig
629 834 722 869 diae
751 833 901 868 diocefis
929 845 1037 879 quam
1066 831 1263 867 cariffimus
1290 832 1328 867 in
1349 832 1496 868 Christo
1517 833 1609 867 filius
1629 832 1750 867 noster
1768 832 1930 868 Jacobus

365 902 556 939 Scotorum
575 915 640 937 rex
658 902 807 936 illustris
826 901 871 936 de
897 901 1002 936 bonis
1030 900 1100 935 suis
1126 900 1283 948 propriis
1306 900 1351 935 de
1378 913 1474 935 nouo
1503 913 1613 948 opere
1639 901 1786 948 quidem
1814 901 1930 948 sump-

365 972 465 1008 tuoso
485 970 693 1007 construere
713 977 750 1005 et
775 969 946 1005 edificare
971 969 1057 1004 fecit
1084 981 1127 1004 ac
1151 968 1250 1003 illam
1278 968 1412 1015 prediis
1439 977 1475 1004 et
1499 968 1769 1016 poffeffionibus
1797 969 1929 1004 ditauit

364 1040 400 1075 in
429 1039 657 1086 collegiatam
683 1037 870 1074 ecclesiam
899 1050 980 1073 cum
1000 1050 1071 1072 vna
1095 1037 1273 1084 dignitate
1300 1037 1481 1073 decanatu
1509 1044 1720 1084 nuncupata
1747 1050 1818 1084 que
1843 1037 1930 1072 inibi

365 1109 522 1156 dignitas
540 1107 751 1155 principalis
771 1106 940 1142 existeret
967 1119 1033 1153 pro
1055 1119 1124 1141 vno
1144 1106 1283 1140 decano
1303 1112 1338 1141 et
1358 1105 1592 1141 conuenienti
1611 1118 1764 1141 numero
1785 1106 1931 1141 canoni-

366 1183 511 1212 catuum
530 1181 565 1211 et
584 1175 850 1222 prebendarum
879 1186 945 1221 pro
972 1173 1122 1209 totidem
1151 1174 1337 1209 canonicis
1364 1174 1426 1220 qui
1451 1174 1611 1209 decanus
1639 1180 1675 1209 et
1694 1171 1862 1210 canonici
1880 1175 1932 1209 in-

366 1244 468 1280 simul
494 1243 691 1291 capitulum
721 1241 985 1278 constituerent
1013 1241 1216 1288 erigeretur
1250 1250 1286 1277 et
1321 1242 1572 1277 institueretur
1604 1254 1648 1277 ex
1675 1242 1744 1277 hoc
1772 1242 1934 1289 profecto

367 1313 512 1348 diuinus
532 1311 650 1347 cultus
677 1310 766 1346 inibi
793 1318 990 1357 augeretur
1017 1322 1059 1344 ac
1086 1309 1212 1345 decori
1239 1317 1275 1345 et
1302 1310 1484 1346 venustati
1513 1311 1607 1345 dieite
1632 1309 1782 1346 ecclesie
1803 1309 1935 1346 San&e

368 1379 561 1416 Trinitatis
581 1385 616 1414 et
634 1378 748 1413 Beate
767 1377 886 1413 Marie
906 1389 988 1413 cum
1007 1377 1210 1412 animarum
1230 1378 1341 1414 salute
1366 1378 1565 1426 plurimum
1584 1379 1834 1414 consuleretur
1853 1391 1936 1415 nec-

368 1461 441 1483 non
460 1448 554 1483 votis
573 1446 705 1494 prefati
724 1446 836 1493 Regis
856 1446 919 1493 qui
945 1445 1015 1481 hoc
1035 1446 1260 1493 summopere
1280 1446 1460 1482 desiderat
1478 1459 1551 1482 non
1570 1460 1701 1494 parum
1720 1447 1909 1484 satisfieret
1928 1471 1934 1476 -

369 1529 479 1564 quare
498 1528 564 1563 pro
592 1521 695 1562 parte
723 1522 797 1550 tam
823 1514 936 1562 Regis
955 1527 1061 1562 quam
1081 1514 1107 1550 J
1110 1514 1237 1550 oannis
1264 1516 1417 1563 prediffl
1444 1516 1549 1551 nobis
1567 1515 1637 1551 fuit
1654 1515 1841 1551 humiliter
1859 1517 1936 1564 sup-

367 1585 541 1633 plicatum
568 1584 739 1619 vnionem
767 1583 1055 1619 annexaeionem
1087 1589 1124 1619 et
1150 1583 1489 1631 incorporacionem
1518 1584 1759 1631 supradifitam
1788 1584 1936 1620 eoeleste

369 1655 413 1689 de
436 1653 609 1689 Leswade
637 1665 658 1688 a
684 1652 807 1687 mensa
833 1651 1131 1699 archiepiscopali
1159 1651 1348 1687 diffoluere
1376 1665 1418 1687 ac
1443 1652 1672 1687 ereccionem
1690 1652 1936 1700 predictorum

370 1721 605 1758 canonicatus
625 1726 661 1756 et
678 1720 863 1768 prebende
882 1720 1106 1767 supprimere
1124 1726 1160 1756 et
1179 1720 1392 1768 extinguere
1411 1734 1454 1757 ac
1473 1721 1605 1756 ᾶίἇὶαη]
1626 1719 1812 1756 ecelefiam
1833 1733 1936 1768 paro-

370 1790 524 1826 chialem
554 1789 599 1824 de
627 1788 799 1824 Leswade
831 1788 952 1823 mense
985 1787 1178 1835 capitulari
1208 1788 1300 1824 diae
1333 1789 1482 1824 ecclefie
1516 1788 1646 1825 sanae
1677 1788 1871 1824 Trinitatis
1901 1798 1937 1824 et

371 1860 482 1895 Beate
503 1858 622 1894 Marie
642 1857 744 1893 vnire
772 1869 957 1892 annexare
985 1862 1021 1891 et
1047 1856 1285 1903 incorporare
1313 1856 1456 1904 aliaque
1482 1857 1519 1891 in
1538 1856 1714 1903 premissis
1734 1865 1937 1905 opportune

370 1928 564 1976 prouidere
584 1927 628 1962 de
647 1925 876 1972 benignitate
897 1924 1097 1972 apostolica
1123 1924 1359 1972 dignaremur
1379 1946 1386 1953 ·
1407 1924 1485 1960 Nos
1505 1925 1618 1972 igitur
1636 1925 1840 1960 huiusmodi
1859 1925 1935 1973 sup-

369 1996 631 2045 plicacionibus
658 1994 822 2030 inclinati
849 1993 895 2028 ad
920 1993 1066 2028 laudem
1087 1992 1359 2041 Omnipotentis
1378 1992 1450 2028 Dei
1469 1999 1504 2028 et
1523 1993 1680 2028 eiusdem
1703 1992 1834 2029 sanae
1855 1993 1937 2028 Tri-

371 2065 494 2101 nitatis
513 2071 550 2100 et
569 2064 682 2100 Beate
701 2062 822 2098 Marie
851 2061 1003 2109 virginis
1031 2061 1161 2096 dietam
1191 2060 1377 2096 ecelefiam
1399 2059 1531 2096 Sanete
1552 2060 1746 2097 Trinitatis
1769 2067 1805 2097 et
1824 2061 1937 2097 Beate

373 2133 492 2170 Marie
511 2133 549 2168 in
569 2131 798 2179 collegiatam
819 2129 1006 2165 ecelefiam
1027 2136 1062 2164 et
1081 2129 1118 2164 in
1138 2129 1354 2176 dignitatem
1374 2130 1573 2164 decanatus
1591 2129 1680 2164 inibi
1699 2129 1936 2177 principalem

374 2217 415 2240 ac
444 2204 634 2239 decentem
665 2213 856 2236 numerum
894 2199 1153 2235 canonicorum
1191 2210 1271 2232 cum
1309 2198 1493 2232 communi
1529 2197 1651 2232 mensa
1685 2197 1791 2232 bursa
1827 2198 1937 2233 archa

375 2272 487 2320 figillo
507 2270 666 2318 capitulo
685 2275 721 2304 et
740 2268 817 2304 aliis
846 2267 1096 2315 collegialibus
1119 2266 1279 2314 insigniis
1307 2272 1434 2301 tenore
1460 2265 1688 2313 presencium
1708 2265 1882 2313 erigimus
1902 2274 1936 2301 et

377 2339 594 2374 instituimus
609 2358 615 2365 ·
631 2344 667 2373 et
684 2337 781 2383 quod
801 2337 961 2372 decanus
979 2348 1046 2382 pro
1066 2341 1229 2382 tempore
1249 2333 1406 2369 existens
1433 2333 1524 2368 inibi
1544 2340 1582 2369 vt
1601 2338 1711 2379 caput
1730 2345 1771 2367 ac
1791 2334 1938 2368 canoni-

377 2413 477 2442 catus
497 2414 532 2442 ct
551 2405 753 2452 prebendas
781 2404 986 2439 obtinentes
1007 2410 1044 2439 vt
1062 2403 1225 2438 membra
1251 2402 1346 2437 dieto
1371 2402 1510 2437 decano
1539 2407 1710 2446 tanquam
1731 2400 1842 2446 capiti
1862 2401 1937 2436 sub·

378 2475 469 2509 meta
499 2472 642 2507 insimul
676 2472 872 2519 capitulum
906 2470 1127 2506 constituant
1158 2483 1200 2506 ac
1232 2471 1391 2506 decanus
1422 2482 1486 2517 pro
1524 2475 1684 2514 tempore
1715 2466 1871 2503 existens
1902 2469 1936 2504 in
