2147 2964
408 292 480 324 354

407 388 564 425 ‹ledw‹›rth,
582 388 720 417 Osbertus
735 388 823 416 abbas
837 388 881 423 de,
897 389 925 417 3.

508 441 651 469 Walterus
666 440 837 470 senescallus
852 441 895 477 de,
914 443 960 469 12.

409 493 528 530 Joffray,
543 493 680 529 JoanneS,
697 493 872 531 capellanus,
889 495 935 522 84.

410 545 560 581 Johannis,
575 545 717 574 Robertus
730 545 814 581 filius,
831 547 858 575 5.

410 598 622 635 Johnnystoun,
647 598 667 627 J
670 598 837 635 ohnstoune‚
864 599 1038 637 Jonystoun,
1065 599 1152 627 Geor-

450 651 523 688 gius,
543 652 608 679 125.

505 704 594 742 Hugo
608 703 651 740 de,
669 705 715 741 30,
732 705 779 733 31.

508 756 644 793 Inferiori,
661 760 855 785 tenementum
870 757 914 793 de,
931 759 977 793 41,
994 758 1041 786 49.

506 809 655 838 Johannes
669 809 713 845 de,
727 809 804 838 filius
818 809 962 847 Hugoffis,
978 811 1026 844 40,
1043 811 1090 846 49,
1107 811 1153 838 50.

506 868 579 891 terre
594 862 637 899 de,
655 863 700 896 30,
717 864 764 898 31,
780 863 828 898 4Ο,
844 864 892 898 49,
909 863 956 891 50.

416 1021 568 1058 Kairnyce‚
586 1020 719 1057 Kairnys,
734 1021 797 1049 vide
811 1019 933 1049 Cairnis.

417 1073 540 1110 Kaittill,
556 1073 744 1110 portionarius
755 1072 799 1108 de,
813 1074 875 1101 vide
890 1073 1060 1101 Thomsonc.

417 1125 572 1162 Kakmore,
587 1127 650 1154 vide
665 1124 814 1154 Cakmore.

417 1179 573 1216 Kakmyre,
587 1178 738 1206 maresium
753 1177 829 1215 quod
842 1181 970 1215 vocatur,
987 1179 1034 1206 43.

418 1231 557 1268 Kalchou,
568 1230 688 1267 Kelc0v‚
701 1231 827 1266 Kelcow,
838 1229 969 1266 Kelkow,
983 1230 1098 1264 Calcov,
1109 1231 1155 1259 39.

509 1283 669 1312 Herbertus
683 1283 771 1311 abbas
783 1282 826 1319 de,
842 1284 890 1311 22.

509 1335 646 1373 magister
659 1335 806 1364 Johannes
821 1335 864 1371 de,
880 1336 907 1371 6,
925 1336 969 1371 19,
987 1336 1034 1363 21.

418 1388 561 1426 Karedyn,
577 1387 742 1416 Willelmus
756 1387 920 1425 capellanus
935 1388 978 1424 de,
995 1389 1022 1417 5.

418 1441 515 1475 Keith,
532 1440 644 1477 Keitht,
660 1440 747 1477 Keth,
764 1440 864 1477 Ketht,
880 1440 987 1478 Keyth,
1005 1443 1051 1470 30.

511 1493 643 1522 dominus
666 1493 760 1522 Adam
785 1492 828 1529 de,
855 1492 1014 1522 ‘auunculus
1040 1494 1158 1522 Roberti

458 1545 615 1574 marescalli
635 1545 740 1582 Scocie,
756 1550 848 1574 rector
869 1545 986 1575 ecclesie
1006 1546 1042 1575 de
1064 1546 1156 1575 Mare-

458 1598 515 1627 scal
530 1598 617 1635 Keth,
633 1599 681 1626 41.

513 1650 645 1679 domiuus
659 1651 703 1687 (le,
719 1651 781 1679 vide
795 1650 935 1680 Marchel.

514 1703 645 1731 dominus
660 1702 812 1740 Philippus
826 1703 870 1739 de,
887 1706 979 1732 rector
992 1703 1109 1732 ecclesie
1124 1703 1158 1732 de

461 1756 565 1792 Byger,
580 1755 668 1783 frater
682 1755 800 1783 Roberti
812 1755 971 1784 marescalli
988 1755 1093 1792 Scocie,
1109 1758 1157 1784 41.

514 1808 646 1836 dominus
661 1807 800 1836 Ricardus
821 1807 864 1844 de,
887 1807 977 1844 miles,
999 1808 1087 1837 frater
1102 1809 1157 1837 Ro-

461 1860 534 1888 berti
548 1859 707 1889 marescalli
723 1859 828 1896 Scocie,
844 1861 893 1888 41.

516 1913 624 1949 James,
641 1912 672 1941 of
683 1912 888 1950 Drumtokthy,
905 1913 970 1949 127,
988 1914 1054 1942 131.

517 1965 665 1994 Johannes
679 1965 723 2000 de,
738 1965 814 1994 filius
828 1968 857 1993 et
871 1965 953 1994 heres
967 1965 1085 1994 Roberti
1099 1976 1158 1994 ma-

465 2017 575 2046 rescalli
592 2017 697 2054 Scocie,
714 2019 762 2046 41.

519 2070 539 2099 J
541 2070 668 2099 ohannes
681 2070 864 2099 marescallus
878 2071 922 2107 de,
937 2071 1000 2100 vide
1014 2071 1151 2099 Marchel.

427 2138 506 2143 —
518 2122 655 2159 magister
667 2122 688 2152 J
690 2122 816 2151 ohannes
829 2124 872 2160 de,
889 2124 937 2152 28.

427 2191 505 2197 —-
520 2174 637 2211 Nether,
654 2175 716 2203 vide
730 2175 877 2204 Portewis.

520 2231 611 2256 rector
625 2227 741 2256 ecclesie
756 2227 791 2256 de
803 2227 951 2264 Marcseal,
963 2229 1023 2257 vide
1031 2227 1162 2257 domiuus

470 2278 562 2307 Adam
576 2289 674 2317 supra.

522 2331 664 2360 Robertus
677 2331 720 2368 de,
737 2332 799 2360 vide
813 2331 950 2360 Μαι-01181.

525 2382 679 2419 Williame,
707 2385 846 2413 servitour
870 2388 899 2413 to
923 2383 1068 2412 Williame
1095 2383 1164 2412 Erle

473 2434 620 2472 Marchell,
640 2437 705 2465 139.

1078 289 1262 327 INDEX.

1206 389 1323 427 Kelcov,
1341 389 1468 426 Kelcow,
1485 390 1615 427 Kelkow,
1633 391 1695 420 vide
1712 391 1853 420 Kalchou.

1206 442 1308 479 Kellie,
1351 442 1482 471 dominus
1524 442 1672 481 Georgius,
1708 444 1873 482 capellanus
1914 449 1942 472 et

1244 494 1456 533 hospitularius,
1475 496 1540 531 108,
1558 496 1625 524 109.

1205 547 1296 584 Kene,
1312 547 1431 576 Maister
1444 547 1569 584 Johnne,
1586 553 1676 584 notar,
1696 550 1837 578 129-131.

1206 600 1327 636 Kenedi,
1343 600 1494 638 Kennedy‚
1516 600 1648 630 dominus
1667 601 1764 639 Hugo,
1786 602 1945 640 prepositus

1245 652 1353 690 capelle
1368 653 1445 690 regie
1461 652 1706 693 [Sanctiandree],
1723 656 1791 684 303.

1299 705 1457 742 Donaldus,
1474 707 1521 735 52.

1205 775 1284 778 ——
1299 757 1420 794 Helena,
1437 759 1499 786 vide
1516 758 1621 796 Laing.

1298 810 1413 847 Joneta,
1430 811 1491 839 vide
1504 810 1647 839 Bothuile.

1207 863 1293 899 Kent,
1317 862 1465 892 Gilbertus
1488 862 1531 899 de,
1556 864 1675 892 clericus
1701 864 1796 892 Dauid
1822 864 1944 902 episcopi

1247 915 1460 950 Sanctiandree‚
1477 917 1525 944 26.

1206 968 1274 1004 Ker,
1297 967 1428 996 dominus
1453 967 1472 996 J
1475 968 1610 1004 ohannes,
1636 969 1772 1005 notarius,
1798 969 1945 1006 presbyter

1246 1020 1442 1056 Morauiensis,
1456 1022 1503 1056 73,
1517 1022 1565 1055 74,
1579 1022 1702 1057 99-101,
1718 1023 1782 1058 103,
1796 1023 1861 1058 105,
1877 1023 1943 1057 106,

1249 1074 1314 1109 108,
1332 1074 1398 1109 197,
1415 1074 1482 1109 216,
1499 1074 1568 1101 272.

1300 1125 1436 1161 Jacobus,
1452 1125 1483 1153 in
1498 1125 1692 1162 Dudinstoun,
1709 1127 1776 1155 154.

1299 1178 1427 1206 Joannes
1456 1177 1543 1216 [forte
1571 1177 1647 1206 idem
1676 1188 1709 1207 ac
1737 1178 1868 1207 dominus
1894 1180 1944 1208 Jo-

1247 1229 1381 1269 hanncs],
1398 1231 1464 1258 112.

1300 1282 1437 1320 magister
1464 1281 1607 1319 Matheus,
1636 1282 1795 1321 prepositus
1810 1283 1946 1312 v'ecclesie

1247 1333 1398 1372 collegiate
1417 1338 1512 1363 nostre
1534 1334 1657 1363 Domine
1671 1335 1701 1363 in
1724 1335 1840 1374 Campis
1860 1345 1946 1374 prope

1248 1387 1429 1424 Edinburgh,
1440 1397 1473 1416 ac
1482 1387 1690 1416 commissarius
1699 1387 1826 1416 officialis
1835 1387 1946 1416 Sancti-

1248 1439 1351 1468 andree
1365 1439 1440 1468 infra.
1454 1439 1714 1469 archidiaconatum
1726 1440 1882 1477 Laudonie,
1895 1441 1945 1469 87-

1249 1493 1296 1529 89,
1313 1493 1455 1521 261-263.

1208 1561 1278 1565 —
1302 1544 1452 1581 Robertus,
1467 1549 1615 1582 mercator,
1632 1546 1698 1573 154.

1302 1597 1476 1634 Willelmus,
1486 1597 1636 1635 burgensis
1647 1597 1682 1626 de
1688 1597 1870 1635 Edfflburgh,
1879 1600 1890 1626 1
1898 1599 1945 1626 25.

1210 1649 1398 1686 Keringtonis
1408 1649 1486 1684 land,
1499 1653 1574 1678 terra
1586 1650 1774 1687 Keringtoun,
1787 1651 1851 1679 vide
1866 1650 1945 1679 Had-

1249 1701 1379 1739 dingtou.

1210 1754 1399 1791 Keringtoun,
1412 1753 1544 1791 Mariota,
1561 1755 1623 1783 vide
1637 1753 1746 1784 Fildar.

1302 1806 1474 1843 VVillelmus,
1486 1817 1561 1835 vuus
1575 1810 1775 1845 occupatorum
1792 1807 1946 1836 carbofodi-

1249 1869 1349 1887 narum
1364 1858 1399 1887 de
1414 1859 1604 1895 Gilmertoun,
1620 1860 1667 1896 78,
1684 1861 1731 1888 79.

1209 1911 1407 1947 Kilbouchow,
1423 1911 1543 1940 ecclesia
1559 1911 1730 1949 parochialis
1744 1912 1788 1949 de,
1804 1913 1947 1942 320-323.

1302 1963 1446 2001 prebenda
1460 1963 1503 2000 de,
1517 1964 1580 1993 vide
1594 1964 1743 1993 Dalkeith.

1210 2016 1357 2053 Kilmany,
1374 2016 1497 2045 vicarius
1511 2016 1554 2052 de,
1568 2017 1631 2045 vide
1645 2016 1770 2046 Balfour.

1212 2068 1370 2106 Kilmaron,
1385 2068 1516 2097 dominus
1529 2068 1656 2098 Thomas
1669 2068 1713 2105 de,
1731 2070 1777 2098 13.

1212 2121 1379 2157 Kineardin,
1396 2120 1549 2157 Kincarne,
1569 2131 1618 2150 seu
1632 2121 1748 2158 Mernis,
1765 2121 1944 2150 vicecomita-

1251 2177 1298 2201 tus
1312 2172 1355 2208 de,
1372 2174 1433 2202 vide
1448 2173 1607 2209 Dunnotar‚
1630 2173 1729 2208 Eldar‚
1752 2173 1860 2211 Mylne,
1884 2172 1945 2202 Sal-

1251 2225 1366 2254 mound.

1212 2277 1462 2314 Kincardinonele,
1478 2278 1557 2306 vicar
1570 2278 1606 2314 of,
1623 2279 1685 2307 vide
1700 2277 1897 2315 Haddington.

1213 2330 1346 2366 Kinloch,
1360 2330 1464 2367 Dauid,
1476 2330 1626 2367 burgensis
1636 2330 1671 2358 de
1684 2329 1865 2367 Edinburgb,
1881 2329 1945 2357 125.

1214 2382 1364 2419 Kirkaldy,
1461 2404 1468 2418 ‚
1482 2382 1618 2419 notarius,
1634 2383 1681 2419 52,
1699 2383 1745 2411 53.

1214 2434 1361 2470 Kirkbrid,
1376 2435 1439 2463 vide
1454 2434 1626 2471 Cummyng.
