2147 2964
362 324 431 361 192
673 318 987 356 REGISTRUM
1015 317 1269 355 ECCLESIE
1298 317 1635 354 COLLEGIATE

359 418 649 467 quingentesimo
674 418 841 454 vicesimo
869 424 1000 465 quarto
1029 418 1073 453 de
1102 417 1268 453 omnibus
1294 417 1453 464 receptis
1481 417 1551 452 suis
1579 425 1615 453 et
1643 417 1806 464 expensis
1833 430 1855 453 a
1877 419 1933 454 die

361 487 526 525 vicesimo
546 488 660 524 tercio
679 487 809 522 mensis
824 486 1019 522 Februarii
1038 498 1135 522 anno
1150 485 1304 521 Domini
1324 484 1511 521 millesimo
1530 484 1822 533 quingentesimo
1843 486 1936 522 vice—

359 559 445 593 simo
464 557 623 593 secundo
643 556 752 603 vsque
781 556 816 591 in
844 555 941 591 diem
968 555 1076 590 huius
1103 556 1264 603 compoti
1291 562 1327 591 et
1355 555 1402 591 sic
1425 556 1470 592 de
1490 556 1632 592 duobus
1651 556 1816 592 terminis
1839 557 1935 592 vide-

358 627 443 663 licet
462 624 722 662 Penthecostes
742 630 778 660 et
799 623 923 660 Sanffi
943 623 1100 659 Martini
1114 624 1213 660 infra
1231 630 1455 672 compotum.

360 695 403 730 In
421 695 549 742 primis
569 700 725 729 onerant
744 693 778 728 se
798 693 843 728 de
862 693 924 728 lli.
945 693 990 728 de
1017 693 1131 728 firmis
1158 693 1316 729 1·οἃ0110
1344 693 1389 728 (10
1408 692 1575 729 Kirkvrd
1594 694 1640 729 de
1662 693 1767 728 diffis
1795 694 1935 728 duobus

359 763 525 800 terminis
545 762 703 810 compoti
728 762 885 809 receptis
913 774 934 797 a
953 761 1100 797 domino
1119 761 1334 797 Alexandro
1356 761 1459 797 Scott
1485 761 1647 797 firmario
1667 761 1762 797 dicae
1786 761 1935 797 ecclesie

359 838 395 868 et
413 833 458 867 de
478 831 582 867 xxiiii
593 830 629 866 li.
650 830 754 866 xiiis.
782 830 836 864 iiii
852 830 884 864 d.
906 830 951 865 de
969 829 1083 864 firmis
1103 835 1283 865 terrarum
1303 830 1349 865 de
1368 829 1542 865 Ballerno
1562 836 1598 866 et
1616 830 1650 865 le
1671 829 1751 865 Hill
1778 830 1935 878 receptis

358 914 379 936 a
398 899 578 948 preposito
597 899 682 934 (11611
700 898 846 946 collegii
867 900 910 933 de
930 898 1036 933 <liceis
1056 899 1196 934 duobus
1216 899 1382 934 terminis
1402 898 1497 934 infra
1515 904 1655 947 tempus
1675 900 1845 946 compoti.

460 967 607 1004 Summa
624 967 732 1002 huius
751 967 873 1002 oneris
892 967 1013 1002 lxxiiii
1025 967 1064 1002 11.
1084 967 1187 1002 xiiis.
1208 967 1257 1002 iiii
1272 967 1306 1002 d.

358 1037 524 1085 Expense
552 1036 751 1072 eorundem
773 1057 780 1064 ·
800 1035 844 1070 In
871 1035 997 1083 primis
1025 1035 1231 1071 allocantur
1259 1036 1554 1082 compotantibus
1581 1049 1648 1083 pro
1669 1048 1796 1071 eorum
1816 1037 1934 1083 super-

357 1105 528 1153 expositis
546 1111 586 1140 ut
604 1110 706 1152 patet
724 1104 761 1139 in
782 1104 874 1151 pede
901 1104 1060 1150 compoti
1088 1104 1287 1139 eorundem
1308 1104 1356 1139 vii
1370 1104 1406 1139 li.
1428 1104 1516 1139 viis.
1536 1105 1595 1140 id.
1649 1104 1697 1140 Et
1716 1104 1849 1139 eisdem
1868 1116 1934 1151 per

356 1174 576 1210 solucionem
605 1173 737 1208 fafitam
764 1172 906 1207 ,Iacobo
935 1171 1029 1207 Blak
1056 1172 1181 1207 latimo
1209 1172 1298 1207 dieti
1326 1172 1473 1220 collegii
1499 1172 1719 1220 percipienti
1745 1173 1934 1208 annuatim

357 1256 405 1278 xx
418 1242 456 1277 li.
486 1242 523 1277 in
550 1241 657 1277 feodo
677 1241 739 1276 suo
759 1241 804 1276 de
824 1240 927 1276 dietis
955 1240 1120 1275 terminis
1149 1241 1308 1287 compoti
1335 1240 1411 1287 ipso
1438 1241 1606 1287 presente
1633 1248 1669 1277 et
1688 1241 1826 1277 fatente
1845 1241 1935 1276 solu-

359 1312 501 1347 cionem
520 1309 679 1345 eiusdem
700 1332 707 1338 ·
727 1308 776 1343 Et
794 1308 899 1343 soluti
919 1308 1015 1343 dffio
1034 1308 1177 1343 Jacobo
1204 1321 1271 1356 pro
1299 1309 1562 1344 emendacione
1590 1309 1772 1344 serrorum
1792 1310 1936 1344 suorum

356 1447 477 1496 glesch
508 1446 635 1482 latimo
667 1446 704 1480 in
736 1445 844 1481 feodo
872 1444 935 1479 suo
967 1445 1012 1480 (10
1045 1444 1149 1480 dietis
1181 1446 1323 1481 duobus
1353 1445 1519 1481 terminis
1548 1445 1663 1481 viiili.
1710 1445 1758 1482 Et
1787 1446 1935 1482 domino

358 1515 531 1551 Michaeli
561 1514 687 1549 Disart
716 1512 862 1548 sacriste
893 1512 980 1547 dicti
1013 1512 1159 1561 collegii
1190 1527 1256 1562 pro
1283 1514 1550 1550 sustentacione
1578 1526 1662 1550 cere
1695 1514 1872 1550 luminum
1901 1523 1936 1550 et

356 1585 511 1621 aliorum
539 1582 820 1619 necessariorum
853 1584 890 1616 in
918 1582 1015 1618 (11ἃο
1044 1580 1199 1629 collegio
1223 1581 1442 1629 percipienti
1470 1582 1507 1617 in
1535 1594 1633 1617 311110
1660 1582 1797 1630 septem
1824 1583 1936 1618 libras

356 1655 414 1689 sex
433 1653 565 1688 solidos
584 1657 620 1687 et
639 1653 720 1686 ofito
740 1650 924 1686 denarios.
970 1649 1019 1686 Et
1038 1650 1135 1685 (116ὶο
1156 1650 1305 1686 domino
1325 1650 1502 1686 Michaeli
1530 1650 1566 1685 in
1590 1652 1934 1698 augmentacionem

355 1723 406 1758 sui
438 1720 545 1757 officii
577 1733 621 1755 ex
653 1732 696 1755 eo
727 1719 826 1766 quod
859 1731 945 1754 cera
976 1731 1074 1753 nunc
1107 1719 1280 1755 venditur
1312 1719 1432 1754 carius
1464 1731 1574 1765 quam
1607 1719 1714 1754 annis
1746 1720 1934 1766 preteritis

355 1790 471 1826 xxxiii
484 1803 510 1826 s.
538 1788 587 1824 iiii
600 1789 636 1823 d.
690 1787 739 1824 Et
767 1787 886 1823 eidem
913 1799 979 1834 per
1005 1787 1229 1824 solucionem
1256 1788 1390 1823 sacam
1417 1787 1568 1822 domino
1596 1787 1741 1823 Thome
1767 1787 1870 1823 Guld
1897 1795 1932 1823 et.

357 1859 543 1895 Willelmo
563 1858 768 1905 Yhoungar
786 1869 853 1904 pro
872 1856 1139 1892 sustentacione
1163 1868 1360 1903 puerorum
1387 1856 1427 1891 in
1448 1855 1560 1890 choro
1579 1855 1664 1891 dicei
1684 1855 1828 1903 collegii
1849 1855 1932 1903 ipsis

354 1927 581 1976 presentibus
605 1932 641 1962 et
667 1925 866 1962 fatentibus
894 1924 1117 1960 solucionem
1144 1925 1251 1971 super
1270 1929 1478 1971 compotum
1498 1923 1567 1959 xli.
1622 1923 1715 1959 Item
1735 1936 1802 1971 pro
1822 1924 1930 1959 feodo

354 1997 602 2033 seriandorum
623 1995 667 2030 de
689 1993 810 2030 Soltra
837 1999 873 2029 et
892 1993 1086 2041 Lumphoy
1106 1993 1171 2028 xiii
1184 2005 1210 2027 s.
1230 1993 1332 2028 iiiid.
1385 1992 1434 2028 Et
1453 1992 1587 2028 eisdem
1615 2004 1682 2039 per
1707 1992 1928 2028 solucionem

354 2066 484 2101 factam
510 2063 691 2111 lapidario
711 2068 747 2098 et
773 2074 840 2110 pro
868 2061 1052 2109 lapidibus
1079 2062 1126 2097 ad
1153 2061 1427 2098 edificacionem
1456 2060 1606 2097 ecclesie
1625 2061 1712 2096 diffi
1732 2061 1877 2109 collegii
1895 2068 1929 2097 et

354 2147 420 2181 pro
440 2133 617 2169 duccione
640 2131 708 2180 [et]
732 2131 906 2167 veccione
934 2131 1134 2166 eorundem
1159 2130 1213 2165 iiii
1227 2129 1266 2165 li.
1287 2130 1349 2165 viii
1364 2130 1399 2165 d.
1447 2129 1495 2165 Et
1518 2129 1755 2165 seruitoribus
1783 2135 1818 2164 et
1846 2142 1929 2176 ope-

354 2202 461 2237 rariis
489 2202 535 2237 ad
563 2200 839 2236 edificacionem
867 2199 960 2234 dieue
988 2198 1139 2234 ecclesie
1170 2211 1235 2247 per
1262 2199 1359 2234 idem
1387 2204 1530 2246 tempus
1554 2198 1638 2233 vili.
1660 2197 1740 2232 vid.
1794 2196 1842 2232 Et
1861 2210 1928 2244 pro

354 2270 454 2306 calce
481 2269 613 2317 tegulis
641 2274 677 2304 et
704 2281 817 2304 arena
842 2280 909 2315 per
929 2267 1066 2303 dietum
1093 2274 1237 2315 tempus
1264 2266 1326 2302 xlv
1338 2279 1365 2302 s.
1385 2266 1472 2301 iiid.
1527 2265 1621 2301 Item
1641 2265 1785 2300 Thome
1806 2264 1926 2300 Turn-

353 2338 429 2372 bull
448 2337 573 2372 latimo
591 2349 659 2384 pro
678 2349 750 2372 vna
769 2335 963 2372 ebdomida
989 2335 1027 2371 111
1053 2335 1292 2371 edificacione
1311 2334 1399 2370 dieti
1418 2333 1565 2382 collegii
1583 2347 1606 2369 x
1618 2346 1646 2369 s,
1699 2332 1747 2368 Et
1766 2332 1923 2368 allocan-

355 2412 413 2439 tur
429 2405 720 2452 compotantibus
741 2404 777 2439 vi
788 2404 827 2439 li.
844 2416 914 2451 que
933 2416 1033 2439 nunc
1052 2403 1210 2439 existunt
1229 2402 1267 2437 in
1285 2401 1469 2440 communi
1486 2400 1574 2437 cista
1588 2401 1635 2436 ad
1649 2403 1923 2448 reparacionem

353 2471 502 2508 ecclesie
532 2473 576 2508 de
606 2472 783 2507 Kirkvrd.
836 2471 885 2507 Et
916 2472 1048 2508 eisdem
1081 2471 1133 2506 xii
1146 2483 1173 2506 s.
1206 2470 1232 2505 ii
1246 2470 1281 2505 d.
1314 2469 1498 2517 wlgariter
1530 2469 1671 2503 (sennar
1703 2470 1778 2504 ancl
1814 2482 1920 2506 none·
