2147 2964
94 1082 123 1112 l.

146 1081 156 1112 l

504 295 716 333 SANCTE
745 295 1066 332 TRINITATIS
1093 295 1164 331 DE
1192 296 1525 334 EDINBURGH.
1732 301 1800 341 169

228 401 264 431 et
284 394 456 442 scriptum
484 395 522 431 in
550 396 642 430 libro
670 395 826 443 compoti
855 395 916 430 sub
945 394 1076 430 nostris
1106 395 1430 443 subscripcionibus
1454 398 1682 434 manualibus
1702 401 1798 447 apud

228 463 363 498 difitum
401 463 594 512 collegium
632 462 800 499 vicesimo
845 463 904 498 dic
949 462 1078 498 meniis
1113 463 1284 499 Januarii
1330 477 1425 500 anno
1463 465 1614 502 Domini
1660 472 1730 503 m'¹¹⁰
1769 474 1800 503 νΕ

229 531 459 567 duodecimo.

281 598 465 634 MiCHAEL
485 599 591 634 Locn
612 599 772 634 decanus
1067 598 1274 634 JOHANNi-:S
1294 599 1453 635 Locum:
1474 602 1633 638 decanus

282 667 485 702 Hmmcns
504 666 765 702 HADDINGTON
783 679 891 701 manu
907 679 985 713 pro·
1064 665 1234 701 JACOBUS
1255 667 1450 703 CiiAUMAu
1468 682 1577 705 manu
1597 672 1746 718 propria

328 734 410 781 pria
1073 732 1121 768 D.
1143 733 1351 770 Ronmws
1374 735 1506 771 Enim*
1527 750 1635 773 manu
1654 740 1800 786 propria

279 802 410 838 DAuin
431 801 578 838 OsTiAN
1068 804 1234 839 Tuoms
1257 803 1369 839 GULD
1390 817 1498 840 manu
1517 806 1674 854 propria.

280 871 521 906 WILLELMUS
544 870 724 906 TEMP1LL
744 883 853 906 manu
873 872 1023 919 propria

229 1061 465 1115 Comporrtm
494 1076 714 1112 venerabilis
741 1082 777 1112 et
807 1078 945 1125 egregii
976 1078 1041 1113 viri
1074 1077 1239 1125 Magistri
1269 1078 1451 1113 Joliannis
1480 1078 1603 1127 Brady
1634 1081 1801 1128 prepositi

229 1145 378 1182 ecclesie
398 1145 590 1193 collegiate
613 1145 744 1181 Sancte
763 1145 958 1182 Trinitatis
977 1160 1092 1194 prope
1112 1146 1331 1194 Edinburgli
1351 1147 1533 1182 redditum
1553 1149 1651 1195 apud
1670 1148 1801 1184 dicium

228 1214 421 1261 collegium
443 1214 661 1249 duodecimo
681 1214 740 1249 die
768 1214 896 1250 mensis
915 1215 1083 1250 Januarii
1115 1227 1211 1250 anno
1231 1214 1383 1250 Domini
1412 1215 1598 1251 millesimo
1627 1217 1802 1264 quingen-

229 1282 354 1318 tefimo
374 1282 516 1317 decimo
542 1281 656 1317 tercio
676 1283 720 1317 de
741 1282 906 1318 omnibus
933 1284 1089 1331 receptis
1117 1283 1186 1318 suis
1208 1289 1243 1318 ct
1263 1284 1428 1330 expensis
1448 1297 1469 1319 a
1488 1284 1546 1319 die
1566 1285 1656 1319 xxii⁰
1675 1285 1804 1321 mensss

231 1350 453 1386 Nouembris
472 1351 558 1385 anni
580 1350 732 1385 Domini
751 1357 808 1386 etc
826 1372 833 1378 -
853 1351 1132 1399 quingentesimi
1160 1352 1366 1386 duodecimi
1389 1352 1495 1398 vsque
1524 1353 1559 1388 in
1581 1354 1676 1389 diem
1697 1354 1803 1390 liuius

231 1418 388 1466 compoti
405 1430 527 1453 coram
548 1418 776 1453 auditoribus
796 1419 1048 1464 prebendariis
1069 1419 1153 1454 dicti
1175 1420 1330 1467 collegii.

232 1556 330 1604 plioy
345 1561 381 1591 et
397 1555 571 1590 Ballerno
591 1555 635 1589 de
655 1555 795 1589 duobus
814 1555 977 1590 terminis
998 1556 1169 1591 videlicet
1182 1556 1442 1592 Peiitliccostes
1461 1564 1496 1593 ct
1512 1558 1632 1593 Sancti
1650 1558 1801 1595 Martini

233 1624 320 1660 anni
341 1630 410 1660 etc.
430 1622 710 1671 quingentesimi
731 1623 863 1658 decimi
884 1624 1000 1659 tercii.

335 1692 484 1729 Summa
500 1697 613 1739 patet.

238 1761 405 1809 Expense
433 1760 591 1796 eiusdem
620 1781 626 1788 ·
657 1759 700 1794 In
729 1760 854 1808 primis
882 1761 1061 1796 allocatui·
1087 1762 1310 1809 compotanti
1338 1774 1404 1809 pro
1434 1764 1707 1811 superexpoiitis
1736 1765 1805 1800 suis

235 1830 272 1865 in
301 1829 428 1864 vltimo
458 1834 626 1876 compoto
656 1829 717 1863 suo
747 1835 783 1863 vt
814 1835 915 1876 patet
944 1829 980 1864 in
1014 1830 1105 1877 pede
1133 1830 1290 1866 eiusdem
1318 1829 1457 1866 xxixli.
1488 1831 1574 1866 viis.
1602 1832 1703 1867 iiiid.
1758 1833 1805 1868 Et

236 1898 355 1933 cidem
374 1909 440 1944 per
458 1896 719 1931 liberacioneni
746 1896 876 1932 factam
903 1897 1059 1932 dominis
1079 1897 1222 1933 Tlionie
1242 1898 1415 1933 Watsonc
1436 1904 1471 1934 et
1490 1899 1677 1935 willelmo
1698 1901 1806 1936 Tem-

237 1966 302 2013 pill
321 1965 572 2012 receptoribus
591 1964 776 1999 firmarum
800 1964 871 2000 iiue
892 1966 1059 2001 comunie
1075 1966 1160 2001 diecti
1181 1966 1325 2013 collegii
1345 1966 1431 2001 anni
1450 1968 1609 2014 compoti
1628 1969 1805 2016 recipien-

240 2035 335 2069 tibus
363 2033 469 2080 super
489 2037 697 2079 compotum
718 2032 825 2068 viiili.
880 2032 926 2068 Et
946 2033 1058 2068 solute
1086 2034 1233 2068 domino
1254 2033 1396 2068 Thonie
1416 2034 1515 2069 Guld
1542 2047 1608 2082 pro
1635 2036 1805 2073 sustenta·

241 2103 339 2138 tione
367 2113 562 2149 puerorum
596 2100 641 2134 ad
673 2100 902 2135 seruiendum
937 2100 973 2135 in
1003 2101 1098 2136 dieto
1131 2102 1284 2149 collegio
1313 2102 1365 2136 iiii
1378 2102 1413 2137 li.
1468 2102 1516 2138 Et
1543 2102 1653 2139 solute
1681 2104 1806 2141 Dauid

241 2172 343 2207 Burri
379 2182 446 2218 pro
483 2170 543 2203 suo
575 2168 728 2204 seruicio
765 2169 800 2203 in
835 2168 929 2203 dieto
962 2168 1117 2215 collegio
1148 2182 1213 2216 per
1240 2175 1381 2216 tempus
1414 2170 1572 2216 compoti
1605 2171 1654 2206 iiii
1668 2172 1705 2207 li.
1759 2173 1805 2209 Et

243 2239 415 2276 Michaeli
435 2238 575 2286 Dysart
592 2249 657 2284 pro
676 2236 782 2271 feodo
803 2237 863 2271 suo
883 2236 959 2272 xls.
988 2243 1025 2272 et
1052 2237 1087 2271 in
1116 2243 1349 2284 augmentum
1378 2237 1473 2272 feodi
1501 2238 1552 2273 sui
1573 2252 1639 2286 pro
1658 2240 1718 2275 suo
1738 2242 1806 2276 ser-

244 2308 339 2344 uicio
366 2307 404 2342 in
432 2307 560 2342 eodem
589 2305 744 2352 collegio
764 2304 801 2339 xl
814 2317 840 2339 s.
896 2304 942 2340 Et
962 2304 1109 2339 domino
1128 2304 1270 2340 Jacobo
1292 2304 1465 2341 Clialmer
1483 2318 1549 2353 pro
1569 2309 1807 2354 reparacione

241 2376 326 2412 fosse
354 2375 424 2410 orti
452 2374 503 2409 sui
531 2387 579 2409 xx
592 2386 620 2408 s.
674 2372 719 2407 Et
748 2372 945 2420 tegulatori
977 2385 1043 2419 pro
1072 2373 1307 2420 reparaeione
1340 2373 1440 2409 chori
1469 2386 1532 2410 XS.
1586 2375 1633 2412 Et
1660 2377 1808 2414 domino

245 2443 410 2480 Johanni
431 2442 596 2477 Wilsone
614 2453 680 2488 pro
700 2440 761 2476 suo
780 2440 932 2476 seruicio
952 2452 1013 2475 xs.

992 2520 1013 2543 Y
