2147 2964
744 294 935 332 DOMUS
961 294 1033 331 DE
1063 294 1280 332 SOLTRE.
1748 298 1794 335 47

225 392 270 428 de
296 391 416 429 Soltre
449 398 485 429 et
513 393 688 430 fratribus
714 394 850 431 ibidem
877 394 961 430 Deo
987 394 1226 431 seruientibus
1254 400 1289 431 et
1316 394 1579 443 imperpetuum
1606 395 1794 431 seruituris

224 474 350 497 omnes
368 461 591 498 donaciones
610 468 646 498 et
659 463 902 499 eoncessiones
918 464 963 498 de
982 463 1061 498 iure
1074 469 1289 510 patronatus
1309 463 1355 498 ad
1374 463 1560 499 ecelesiam
1581 464 1626 499 dc
1643 463 1793 512 VVemys

224 536 260 566 et
278 530 316 565 in
336 536 435 566 terra
453 531 500 566 ad
518 531 671 566 eandem
691 531 878 567 ecclesiam
906 532 1089 579 speaante
1116 544 1183 579 per
1207 532 1271 567 has
1289 532 1421 567 diuisas
1440 552 1447 558 ·
1465 545 1485 567 a
1503 538 1606 579 parte
1626 533 1793 569 occiden—

224 598 287 633 tali
305 598 404 634 illius
422 604 520 634 terre
539 612 609 646 que
629 605 781 635 vocatur
797 599 1108 648 Drumdynmond
1129 600 1218 635 ficut
1236 601 1420 647 quoddam
1437 600 1587 636 fiketum
1607 601 1794 637 descendit

223 679 290 713 per
307 666 341 702 16
361 667 525 703 waterfal
550 667 589 702 in
614 680 714 703 mare
734 673 770 703 et
789 669 834 704 ab
853 681 896 704 eo
915 669 996 704 loco
1016 680 1087 715 quo
1107 668 1239 703 diffcum
1260 668 1413 704 siketum
1432 669 1619 704 descendit
1638 669 1675 704 in
1694 683 1792 705 mare

224 735 346 771 versus
361 735 539 772 orientem
554 748 619 784 per
634 736 746 771 maris
764 736 850 772 litus
869 737 976 784 vsque
996 737 1043 772 ad
1057 736 1240 783 quendam
1260 736 1421 771 riuulum
1441 749 1486 772 ex
1506 737 1675 773 orientali
1690 744 1792 793 parte

223 809 259 839 et
276 816 343 851 per
361 804 518 839 eundem
536 804 697 839 riuulum
719 805 948 840 ascendendo
965 806 1087 840 versus
1107 804 1337 840 occidentem
1357 805 1404 840 ad
1422 805 1552 840 vadam
1567 805 1788 855 Tirry[bog]

224 879 259 908 et
278 873 323 908 ab
346 873 407 908 illa
426 873 520 909 vada
546 885 612 920 per
631 873 762 909 diuisas
790 879 971 909 terrarum
999 872 1148 909 ecelefie
1176 879 1212 908 et
1238 873 1454 909 braciatoris
1483 875 1606 910 versus
1634 876 1792 911 austrum

225 941 333 989 vsque
358 941 539 988 quendam
566 941 725 989 lapidem
752 942 905 989 positum
931 954 998 990 pro
1025 943 1124 976 reeta
1150 941 1266 977 diuisa
1291 941 1394 977 iuxta
1413 943 1576 978 waterfal
1594 943 1640 979 de
1659 943 1793 980 Drum-

224 1009 412 1058 dynmond
445 1009 483 1045 in
518 1022 619 1045 mare
644 1031 651 1038 ·
675 1016 785 1057 prout
820 1010 917 1045 dieta
952 1009 1105 1046 eeclesia
1139 1009 1262 1045 existit
1298 1010 1498 1057 antiquitus
1529 1012 1678 1048 feudata
1711 1026 1792 1048 cum

223 1077 369 1125 pastura
387 1078 434 1113 ad
453 1077 578 1113 aueria
601 1077 663 1113 sua
681 1083 717 1113 et
735 1077 924 1113 hominum
952 1078 1096 1113 suorum
1123 1077 1220 1113 infra
1247 1084 1383 1114 terram
1411 1092 1529 1115 meam
1548 1080 1593 1115 de
1613 1080 1766 1129 WVemys
1786 1103 1793 1110 ·

226 1145 399 1182 Concedo
419 1146 532 1181 eciam
551 1146 762 1182 memoratis
781 1145 953 1181 fratribus
970 1151 1006 1181 et
1021 1145 1228 1182 hominibus
1248 1146 1317 1182 suis
1335 1147 1471 1183 ibidem
1490 1161 1629 1183 moram
1648 1149 1794 1185 trahen-

224 1214 319 1250 tibus
339 1220 377 1249 vt
394 1213 525 1262 poffint
551 1214 718 1250 braciare
738 1220 773 1249 et
797 1214 912 1249 libere
932 1214 1092 1249 vendere
1119 1214 1328 1251 hominibus
1354 1216 1445 1251 meis
1465 1222 1501 1252 et
1519 1216 1794 1266 quibuscunque

224 1282 408 1318 voluerint
426 1282 500 1317 fine
519 1282 592 1317 vllo
617 1281 879 1329 impedimento
906 1282 978 1317 mei
998 1282 1056 1317 vel
1082 1282 1259 1318 heredum
1286 1296 1449 1319 meorum
1468 1305 1476 1313 ·
1496 1291 1531 1321 et
1550 1285 1635 1321 dieti
1663 1287 1794 1323 fratres

225 1356 261 1386 et
280 1362 404 1385 eorum
424 1355 590 1385 tenentes
609 1349 767 1384 habeant
786 1349 831 1384 de
851 1361 954 1384 mora
979 1362 1061 1386 mea
1087 1351 1276 1386 bruerium
1295 1358 1331 1387 et
1351 1353 1476 1388 turbas
1495 1359 1530 1389 et
1548 1360 1650 1401 petas
1669 1356 1793 1391 seeun-

225 1418 309 1453 dum
329 1418 427 1464 quod
448 1417 584 1453 ibidem
608 1416 747 1453 neeefl'e
774 1417 970 1453 habuerint
998 1418 1203 1465 expendere
1223 1440 1230 1447 -
1251 1432 1332 1454 cum
1360 1421 1527 1456 omnibus
1547 1422 1627 1457 aliis
1646 1422 1792 1459 liberta-

226 1486 321 1521 tibus
348 1498 436 1533 quas
463 1485 670 1521 habuerunt
696 1484 965 1532 predecessores
997 1487 1156 1521 ream-es
1183 1486 1276 1522 diae
1303 1487 1452 1523 ecclefie
1480 1489 1602 1536 aliquo
1630 1496 1792 1538 tempore

225 1553 487 1590 antecessorum
519 1566 680 1588 meorum
708 1573 716 1581 ·
744 1553 961 1589 Tenendam
993 1559 1029 1589 et
1059 1553 1265 1590 habendam
1302 1557 1511 1592 memoratis
1548 1558 1721 1595 fratribus
1757 1569 1791 1596 et

226 1621 481 1658 suceessbribus
512 1622 583 1656 suis
615 1622 769 1656 eandem
801 1620 987 1657 ecclefiam
1021 1634 1101 1657 cum
1135 1623 1301 1659 omnibus
1331 1624 1618 1662 obuencionibus
1648 1633 1684 1663 et
1711 1629 1791 1664 aliis

224 1689 460 1737 pertinenciis
478 1689 548 1724 suis
567 1695 603 1724 et
626 1688 856 1737 ayfiamentis
886 1689 932 1724 ad
959 1690 1112 1725 eandem
1140 1691 1381 1738 specstantibus
1409 1693 1499 1729 adeo
1527 1694 1641 1730 libere
1669 1697 1791 1743 quiete

222 1758 387 1805 plenarie
407 1763 442 1793 et
459 1757 660 1793 honorifice
679 1758 717 1793 in
736 1770 865 1805 puram
886 1763 922 1794 et
948 1764 1160 1806 perpetuam
1189 1759 1412 1796 elimosinam
1429 1761 1517 1797 ficut
1537 1762 1660 1810 aliqua
1678 1765 1789 1802 eccle—

222 1826 272 1862 fia
289 1826 327 1861 in
346 1839 461 1874 regno
482 1825 611 1862 Scoeie
637 1825 788 1861 liberior
807 1832 843 1861 et
862 1826 1027 1873 quiecior
1051 1832 1198 1863 tenetur
1218 1833 1280 1863 aut
1306 1828 1504 1875 possidetur
1523 1850 1529 1857 ·
1548 1830 1629 1878 Ego
1649 1845 1735 1868 vero
1755 1841 1790 1869 et

221 1893 374 1929 heredes
393 1894 464 1929 mei
483 1894 614 1929 dietam
644 1893 907 1930 conceflionem
936 1900 973 1930 et
992 1895 1310 1931 confirmacionem
1339 1897 1600 1934 antecessorum
1627 1913 1788 1937 meorum

222 1962 378 2010 presenti
399 1967 500 1998 carta
519 1967 710 1998 contentas
727 1962 861 1998 eisdem
878 1963 1052 1999 fratribus
1068 1970 1103 1999 et
1118 1964 1373 2001 succefl'oribus
1390 1967 1460 2001 suis
1474 1969 1790 2007 warantizabimus

222 2036 258 2066 et
284 2031 521 2066 defendemus
548 2030 815 2078 imperpetuum
839 2051 846 2057 ·
865 2030 913 2066 Et
940 2036 978 2067 vt
1004 2031 1073 2067 hec
1100 2045 1180 2068 mea
1206 2033 1361 2069 donacio
1389 2035 1567 2071 conceffio
1596 2043 1632 2073 et
1659 2039 1789 2075 confir-

221 2098 338 2134 macio
364 2099 477 2135 robur
502 2104 717 2147 perpetuum
747 2098 936 2146 optineant
966 2100 1112 2146 presens
1144 2101 1316 2149 scriptum
1348 2103 1454 2150 figilli
1486 2105 1555 2141 mei
1588 2107 1789 2144 munimine

221 2166 393 2202 roboraui
416 2188 423 2196 ·
450 2166 521 2202 hiis
548 2166 696 2202 testibus
723 2166 872 2202 domino
891 2166 1063 2204 Johanne
1082 2169 1127 2204 de
1149 2169 1288 2205 Goueri
1308 2171 1429 2218 priore
1449 2172 1493 2207 de
1515 2172 1789 2213 Sanetoandrea

220 2234 393 2283 magistro
420 2234 607 2270 Willelmo
641 2235 685 2270 de
712 2234 898 2283 Eglissiam
929 2236 1188 2273 archidiacono
1215 2238 1405 2275 Laudonie
1432 2241 1579 2278 domino
1607 2243 1788 2283 Michacle

221 2303 266 2339 de
285 2303 436 2352 Wemys
454 2304 529 2339 filio
550 2309 585 2340 et
603 2304 738 2339 herede
765 2317 845 2339 meo
872 2304 1044 2351 magistro
1064 2305 1186 2341 Adam
1214 2307 1258 2343 de
1285 2307 1456 2345 Morauia
1482 2316 1517 2346 et
1540 2311 1620 2347 aliis
1639 2333 1646 2340 ·
1667 2313 1786 2357 Quam

222 2372 369 2419 quidem
389 2378 526 2408 cartam
553 2372 591 2408 in
619 2372 786 2408 omnibus
805 2378 841 2409 et
859 2372 1007 2422 singulis
1025 2373 1095 2409 suis
1115 2375 1391 2412 condicionibus
1410 2383 1446 2414 et
1464 2379 1626 2416 articulis
1644 2395 1711 2430 pro
1730 2397 1787 2421 me

221 2446 258 2476 et
275 2440 471 2477 heredibus
489 2440 579 2476 meis
606 2446 757 2488 accepto
782 2446 818 2477 et
844 2441 986 2477 ratifico
1005 2448 1042 2478 et
1060 2448 1188 2479 tenore
1212 2444 1438 2491 presencium
1464 2448 1637 2485 confirmo
1656 2451 1786 2500 imper—
