2147 2964
814 276 884 312 DE
912 276 1184 312 DALKETH.
1713 282 1784 314 315

213 374 395 422 preposito
416 375 452 410 in
474 375 561 410 villa
579 375 624 411 de
644 375 809 411 Dalketh
829 375 875 410 ad
894 380 1034 422 partem
1054 375 1229 410 borialem
1249 375 1357 422 ipsius
1377 375 1462 410 ville
1481 382 1590 423 prout
1608 376 1784 412 limitatus

212 442 264 478 est
282 443 450 490 proximo
479 443 651 479 adiacens
678 443 854 479 mansioni
881 445 924 478 de
954 442 1066 485 Qwilt
1086 449 1121 478 et
1140 443 1305 479 Fethane
1325 443 1427 478 cuius
1446 444 1590 479 mansus
1608 444 1782 480 limitatus

212 510 264 546 est
283 511 328 546 ad
349 517 490 558 partem
511 511 727 548 orientalem
747 511 917 547 cimiterii
935 511 1074 556 capelle
1094 511 1276 546 antediem
1293 533 1300 539 -
1318 512 1481 546 mansum
1499 524 1584 547 vero
1605 512 1783 558 capellani

213 580 257 615 (le
276 579 506 615 Louehwrde
526 587 562 616 ct
581 580 693 615 annui
712 579 876 615 redditus
896 579 940 614 de
960 578 1157 615 Kirkwrde
1185 580 1231 615 ad
1258 585 1399 627 partem
1417 580 1593 616 borialem
1615 581 1783 616 cimiterii

212 648 306 683 diae
326 649 464 697 capelle
484 661 565 684 eum
591 649 670 684 aliis
697 649 837 684 duobus
864 647 994 683 mansis
1022 647 1206 695 assignatis
1229 648 1370 683 duobus
1398 648 1594 695 capellanis
1613 649 1783 695 predictis

212 717 370 752 fundatis
398 717 503 764 super
530 716 639 752 terris
667 717 711 751 (10
739 716 952 763 Ingalstoun
981 720 1017 750 et
1046 713 1328 761 Spetalehauleh
1346 736 1354 743 ·
1375 716 1538 750 mansum
1565 722 1685 750 autem
1704 729 1782 763 per—

212 784 389 820 tinentem
405 785 451 819 ad
467 784 697 831 capellanum
713 784 757 819 de
775 782 990 818 Horsbruke
1008 788 1043 817 et
1063 781 1279 816 annualibus
1297 782 1343 816 ad
1360 782 1623 818 occidentalem
1643 790 1783 830 partem

211 851 458 887 immediatam
479 851 563 886 (1ίᾶὶί
585 851 753 887 cimiterii
781 856 890 898 prout
916 850 987 885 iam
1017 849 1067 884 est
1090 849 1264 884 limitatus
1282 850 1496 897 deputamus
1516 856 1551 885 et
1569 850 1783 898 assignamus

213 932 296 955 cum
324 919 441 955 libero
468 919 623 955 introitu
643 925 678 955 et
702 919 802 955 exitu
830 917 1019 954 cuiussibet
1044 917 1221 952 diam-um
1249 919 1454 953 mansorum
1474 925 1558 954 ante
1577 925 1613 954 et
1631 926 1729 955 retro
1749 928 1784 955 et

211 1000 293 1023 eum
314 987 413 1022 omni
430 987 598 1023 libertate
626 993 736 1034 prout
762 986 800 1022 in
829 985 939 1022 cartis
958 985 1028 1021 suis
1048 985 1258 1020 continetur
1278 1005 1285 1013 ·
1309 985 1471 1022 Cuilibet
1490 987 1604 1022 eciam
1625 988 1781 1034 ipsorum

210 1055 382 1102 prepositi
402 1061 438 1091 et
457 1055 728 1103 capellanorum
756 1054 941 1102 pasturam
969 1053 1076 1088 vnius
1103 1053 1188 1100 equi
1215 1053 1355 1100 proprii
1383 1060 1418 1089 et
1446 1054 1550 1089 vnius
1571 1068 1679 1091 vacce
1702 1069 1782 1103 pro-

210 1123 290 1170 prie
315 1135 396 1158 cum
424 1135 550 1159 eorum
578 1123 732 1169 sequelis
761 1123 865 1157 vnius
893 1122 980 1157 anni
1006 1122 1044 1157 in
1073 1122 1256 1157 communi
1283 1121 1428 1170 pastura
1457 1123 1501 1158 de
1529 1122 1708 1159 Dalketht
1736 1124 1783 1159 sic

211 1191 445 1227 concedimus
464 1192 562 1238 quod
588 1191 793 1226 huiusmodi
820 1190 1002 1238 pasturam
1028 1190 1109 1225 aliis
1125 1196 1310 1236 nequeant
1329 1190 1488 1229 affedare
1507 1211 1514 1219 ·
1533 1191 1712 1227 Volumus
1731 1192 1783 1227 in-

212 1260 317 1306 super
336 1259 436 1294 etde
456 1259 629 1294 consensu
657 1258 814 1293 eiusdem
842 1258 981 1293 domini
1009 1257 1166 1305 episcopi
1194 1258 1405 1293 ordinamus
1433 1259 1530 1305 quod
1550 1259 1635 1295 dieti
1654 1272 1782 1307 prepo-

213 1327 298 1363 situs
317 1333 354 1362 et
373 1326 553 1374 capellani
581 1326 616 1361 in
644 1326 734 1361 10013
762 1332 798 1361 et
821 1326 951 1361 mansis
977 1325 1185 1373 prescriptis
1212 1338 1278 1372 per
1297 1338 1363 1360 nos
1390 1326 1442 1361 eis
1465 1326 1648 1374 assignatis
1666 1341 1730 1376 per
1749 1330 1782 1363 se

213 1394 270 1430 vel
288 1395 378 1430 alios
395 1395 442 1430 ad
456 1394 615 1430 nostram
634 1400 669 1430 et
688 1391 865 1430 heredum
881 1393 1086 1429 nostrorum
1106 1393 1331 1429 voluntatem
1348 1393 1528 1430 resideant
1545 1396 1782 1431 conueniant-

212 1475 282 1509 que
310 1468 421 1510 prout
447 1462 559 1497 moris
584 1462 636 1497 011
663 1463 701 1497 111
729 1462 887 1498 000101113
915 1461 1087 1497 similibus
1115 1461 1317 1509 collegiatis
1345 1462 1391 1496 ad
1416 1462 1661 1509 pulsacionem
1689 1476 1781 1499 cam-

211 1543 304 1578 pane
324 1530 361 1565 in
381 1530 454 1577 ipsa
475 1529 617 1577 capella
643 1529 791 1577 singulis
819 1530 945 1565 diebus
973 1530 1072 1564 horis
1099 1531 1390 1577 competentibus
1417 1531 1455 1566 in
1483 1531 1607 1567 habitu
1628 1532 1780 1568 decente

212 1599 336 1634 saltem
355 1599 393 1633 in
413 1598 668 1645 superpellicio
688 1603 724 1633 et
742 1598 849 1645 nigra
873 1598 1022 1633 almusia
1039 1598 1180 1634 furrata
1199 1599 1243 1634 de
1262 1599 1417 1646 pellibus
1437 1600 1580 1647 agninis
1600 1601 1645 1636 ad
1665 1601 1780 1637 missas

211 1672 247 1702 et
266 1667 374 1701 horas
402 1666 600 1701 canonicas
628 1678 717 1712 quas
744 1666 852 1701 horas
880 1671 916 1701 et
935 1678 1043 1701 vnam
1071 1666 1205 1702 cotidie
1224 1667 1282 1702 De
1301 1669 1416 1714 nestra
1433 1668 1594 1703 Domina
1619 1670 1780 1716 exceptis

210 1734 336 1770 diebus
356 1733 549 1769 dominicis
577 1739 612 1769 et
638 1733 774 1769 festiuis
802 1734 839 1768 in
868 1734 998 1781 quibus
1018 1734 1062 1769 dc
1082 1734 1140 1769 die
1168 1746 1249 1769 cum
1277 1741 1365 1770 nota
1390 1735 1527 1771 missam
1545 1748 1611 1783 per
1630 1737 1723 1784 ipsos
1743 1738 1779 1772 in

209 1803 304 1838 (1ὶᾶὶο
328 1801 454 1837 habitu
482 1801 672 1837 decantari
700 1814 741 1837 ac
770 1814 879 1836 vnum
907 1802 1067 1848 ipsorum
1095 1802 1368 1849 capellanorum
1396 1803 1476 1838 vice
1503 1805 1566 1839 sua
1594 1805 1691 1840 omni
1721 1806 1778 1840 die

210 1871 306 1905 infra
325 1869 502 1916 capellam
523 1868 632 1904 castri
650 1869 763 1904 nostri
783 1869 827 1904 de
847 1868 1011 1904 Dalketh
1031 1870 1205 1916 quamdiu
1230 1870 1268 1905 in
1287 1871 1454 1906 manibus
1472 1871 1604 1907 nostris
1624 1878 1659 1908 et
1677 1872 1778 1908 here-

209 1939 296 1974 dum
316 1937 522 1973 nostrorum
550 1936 661 1972 fuerit
686 1936 822 1972 mifl'am
843 1937 1041 1973 dummodo
1069 1938 1217 1985 aliquod
1244 1938 1307 1974 sibi
1335 1951 1408 1974 non
1428 1925 1544 1976 obstet
1563 1941 1776 1976 canonicum

209 2012 245 2042 et
262 2011 414 2053 propter
433 2005 503 2040 hoc
522 2004 608 2040 alibi
628 2004 701 2051 ipsa
720 2005 779 2040 die
799 2004 863 2040 sibi
883 2005 1069 2041 celebrare
1096 2018 1169 2040 non
1189 2006 1299 2042 liceat
1318 2012 1353 2042 et
1372 2012 1512 2042 ceteros
1533 2013 1603 2043 tam
1623 2009 1778 2056 preposi-

209 2080 284 2109 tum
305 2085 411 2120 quam
432 2072 638 2120 capellanos
657 2072 774 2107 missas
793 2072 872 2108 suas
900 2072 935 2107 in
960 2073 1055 2109 difita
1083 2074 1224 2121 capella
1244 2073 1367 2110 San&i
1387 2075 1560 2111 Nieholai
1579 2077 1774 2112 secundum

209 2140 447 2177 deuocionem
468 2140 533 2175 eiis
551 2152 618 2187 pro
638 2146 800 2187 tempore
819 2140 1092 2176 ministrandam
1118 2141 1303 2177 celebrare
1322 2161 1329 2168 ·
1348 2141 1392 2177 In
1411 2142 1509 2178 sestis
1529 2156 1615 2178 vero
1633 2144 1777 2180 maiori-

208 2210 274 2245 bus
294 2214 330 2244 et
351 2207 557 2255 duplicibus
585 2220 651 2255 per
677 2207 791 2254 ipsum
818 2208 1038 2255 prepositum
1065 2209 1123 2244 vcl
1150 2209 1260 2244 alium
1287 2209 1368 2244 vice
1395 2210 1456 2245 sua
1482 2210 1557 2257 ipso
1585 2218 1774 2259 egrotante

209 2276 269 2312 uel
295 2276 403 2311 aliter
422 2281 600 2322 occupato
628 2275 665 2310 in
693 2275 790 2310 festis
818 2288 904 2311 vero
932 2275 1151 2323 simplicibus
1178 2282 1214 2312 et
1240 2289 1308 2323 pro
1328 2277 1425 2312 festis
1450 2278 1577 2314 diebus
1596 2291 1661 2326 per
1681 2280 1775 2315 vica-

208 2345 304 2381 rium
323 2344 406 2379 diffi
424 2342 597 2391 prepositi
616 2342 641 2377 si
660 2355 768 2390 quem
791 2343 961 2379 habuerit
979 2349 1015 2379 et
1033 2343 1123 2379 alios
1142 2344 1350 2391 capellanos
1368 2357 1434 2392 per
1453 2345 1551 2381 vices
1570 2346 1648 2382 suas
1666 2354 1775 2394 prout

210 2413 283 2460 ipse
301 2410 505 2460 prepositus
524 2410 691 2448 statuerit
718 2410 752 2446 in
773 2410 869 2446 di8ca
887 2411 1027 2458 capella
1053 2417 1127 2447 tam
1146 2412 1183 2447 in
1203 2411 1302 2447 missa
1321 2422 1428 2459 quam
1446 2413 1485 2449 in
1504 2413 1603 2450 horis
1620 2415 1773 2451 seruicia
