2147 2964
813 298 885 336 DE
912 299 1166 338 ROSSLYN.
1707 312 1776 345 331

207 397 311 432 miles
330 406 366 433 et
384 396 540 433 heredes
566 398 638 434 mei
666 403 761 434 totas
784 405 821 435 et
846 399 1009 447 integras
1035 401 1219 448 predictas
1244 408 1362 439 terras
1388 404 1610 442 construaas
1637 414 1673 444 et
1695 421 1778 444 con-

206 464 397 500 struendas
427 477 470 500 ac
499 471 598 501 ortos
629 467 828 503 earundem
865 474 974 516 prout
1003 468 1166 516 superius
1196 470 1400 508 limitantur
1429 485 1509 509 cum
1541 476 1778 522 pertinenciis

206 533 357 580 prefatis
384 533 468 569 Deo
496 533 754 582 Omnipotenti
784 543 820 572 et
847 536 1009 572 Domino
1040 537 1164 574 nostro
1190 538 1304 575 Jhesu
1333 539 1480 577 Christo
1506 542 1776 592 beatissimeque

207 602 339 649 virgini
359 601 480 638 Marie
507 603 616 639 matri
643 603 801 640 eiusdem
829 611 866 640 et
894 604 1028 641 saneto
1052 604 1204 642 Matheo
1231 607 1393 654 apostolo
1421 615 1457 645 et
1483 611 1714 658 ewangeliste
1732 626 1774 649 ae

204 671 354 718 prefatis
380 671 564 719 prepolito
592 678 628 708 et
654 673 909 720 prebendariis
928 673 1024 709 diae
1051 673 1200 709 eoeleste
1225 675 1417 724 collegiate
1444 678 1489 713 de
1509 678 1659 727 Rossing
1677 681 1773 716 edifi-

204 739 338 774 caudas
358 745 393 775 et
414 739 676 776 construendas
695 754 761 788 pro
781 754 907 777 eorum
934 741 1178 777 mansionibus
1197 742 1462 791 imperpetuum
1482 748 1661 793 equaliter
1680 750 1774 785 inter

203 807 238 842 se
257 807 475 843 diuidendas
499 807 639 854 suisque
667 808 923 844 suecessoribus
950 809 1107 844 eiusdem
1137 810 1286 847 ecclesie
1314 812 1507 860 collegiate
1534 818 1714 863 preposito
1739 826 1773 854 et

202 875 454 923 prebendariis
473 876 665 912 antediffis
692 878 959 924 imperpetuum
986 878 1023 912 in
1044 878 1170 913 eadem
1190 878 1342 915 ecelesia
1361 880 1596 918 celebraturis
1614 897 1680 932 pro
1699 888 1773 922 ani-

201 945 328 980 mabus
346 944 519 992 predictis
538 945 630 980 adeo
649 945 764 981 libere
783 952 819 981 et
838 945 960 993 quiete
979 945 1017 981 in
1037 946 1205 982 omnibus
1224 952 1259 982 et
1278 960 1343 995 per
1362 949 1484 985 omnia
1503 951 1618 987 forma
1636 954 1773 1000 pariter

202 1019 237 1048 et
256 1012 384 1048 effectu
405 1018 444 1048 ut
462 1013 701 1062 prescriptum
721 1013 772 1049 est
799 1021 928 1049 contra
955 1026 1080 1049 omnes
1104 1015 1276 1051 mortales
1294 1018 1610 1055 warantizabimus
1629 1023 1773 1068 aequie—

202 1081 357 1116 tabimus
386 1087 423 1117 et
451 1082 720 1129 imperpetuum
748 1082 986 1118 defendemus
1014 1104 1021 1111 ·
1050 1082 1094 1118 In
1123 1083 1226 1119 cuius
1258 1085 1311 1120 rei
1343 1085 1586 1123 testimonium
1620 1089 1770 1137 sigillum

202 1163 320 1186 meum
339 1150 425 1186 huie
443 1151 600 1198 presenti
621 1157 721 1186 carte
740 1163 820 1186 mee
845 1151 897 1186 est
924 1151 1118 1199 appensum
1139 1165 1295 1188 vnacum
1322 1154 1583 1203 subscriptione
1598 1158 1682 1194 'mea
1700 1172 1772 1195 ma—

201 1218 300 1254 nuali
321 1219 419 1265 apud
438 1218 658 1266 Edinburgh
681 1220 808 1266 quinto
836 1219 896 1254 die
923 1219 1052 1254 menfis
1071 1218 1263 1256 Februarii
1291 1234 1387 1257 anno
1406 1222 1558 1260 Domini
1585 1226 1771 1263 millefimo

201 1285 491 1334 quingentesimo
511 1286 679 1322 vicesimo
706 1287 821 1322 tercio
849 1299 973 1322 coram
999 1287 1070 1323 hiis
1096 1287 1245 1324 testibus
1264 1289 1425 1326 Roberto
1445 1291 1611 1329 Diksoun
1630 1294 1771 1332 Jacobo

201 1355 373 1391 Maxu-eu
385 1355 528 1391 Jacobo
543 1355 709 1391 Mosman
724 1355 897 1391 Johanne
913 1355 1128 1391 Dauidsoun
1145 1363 1180 1392 et
1195 1357 1382 1394 Willelmo
1398 1358 1613 1397 Stevinsoun
1628 1365 1770 1399 notario

200 1424 347 1471 publico
367 1437 448 1460 curn
469 1424 620 1459 diuersis
640 1424 720 1459 aliis
739 1445 746 1452 ·
768 1423 1039 1467 Quffloumm
1067 1430 1205 1460 cartam
1233 1438 1276 1461 ae
1300 1427 1533 1463 donationem
1554 1436 1590 1465 et
1608 1430 1770 1468 infeoda—

200 1493 337 1528 tionem
356 1493 392 1528 in
413 1493 540 1528 eadem
561 1498 753 1528 contentas
775 1492 813 1527 in
833 1492 999 1527 omnibus
1018 1492 1088 1528 suis
1107 1494 1250 1541 punctis
1268 1501 1304 1530 et
1322 1495 1484 1532 articulis
1501 1499 1769 1536 conditionibus

199 1568 234 1597 et
253 1561 370 1596 modis
389 1574 430 1596 ac
451 1560 739 1596 cireumstanciis
758 1560 828 1596 suis
847 1560 1120 1608 quibuscunque
1140 1561 1177 1596 in
1195 1562 1361 1598 omnibus
1381 1569 1417 1599 et
1435 1577 1500 1611 per
1517 1567 1639 1602 omnia
1652 1567 1768 1603 forma

199 1629 335 1676 pariter
354 1636 390 1665 ct
409 1629 538 1664 effectu
566 1634 604 1663 ut
631 1628 838 1675 premissum
868 1627 920 1663 est
947 1641 1029 1664 cum
1060 1630 1282 1666 anisamento
1312 1631 1507 1667 autoritate
1535 1641 1571 1669 et
1597 1636 1767 1671 consensu

199 1698 285 1733 dieti
315 1697 428 1732 nostri
461 1696 630 1732 earissimi
659 1696 918 1743 consanguinei
948 1704 984 1731 et
1015 1697 1145 1733 tutoris
1177 1698 1418 1746 approbamus
1446 1712 1488 1735 ac
1515 1713 1581 1747 pro
1610 1702 1713 1737 nobis
1733 1710 1767 1738 et

198 1766 454 1802 luccefforibus
482 1764 614 1800 nostris
642 1765 926 1800 admortizamus
954 1771 990 1800 et
1016 1765 1062 1800 ad
1087 1777 1234 1801 manum
1262 1764 1476 1815 [mortuam]
1504 1781 1570 1815 pro
1590 1778 1766 1817 perpetuo

198 1836 455 1871 confirmamus
474 1834 581 1870 saluis
600 1834 704 1869 nobis
724 1840 760 1869 et
786 1832 1042 1869 suecessoribus
1070 1832 1199 1867 nostris
1227 1833 1433 1870 orationum
1461 1836 1639 1884 suffragiis
1658 1837 1766 1873 ‹leuo-

197 1910 314 1940 tarum
336 1904 514 1939 dictorum
534 1901 707 1950 prepositi
725 1908 761 1937 et
779 1900 1106 1949 prebendariorum
1127 1913 1324 1948 eorumque
1342 1902 1578 1939 successorum
1599 1911 1738 1942 tantum
1758 1930 1764 1935 -

197 1972 241 2008 In
261 1973 361 2008 cuius
381 1972 433 2007 rei
453 1970 698 2007 testimonium
718 1969 803 2006 huic
821 1969 980 2017 presenti
1000 1976 1099 2004 carte
1126 1969 1246 2004 nostre
1266 1970 1551 2007 confirmationis
1570 1979 1605 2008 ct
1624 1974 1764 2010 admor-

196 2040 381 2076 tizationis
400 2051 573 2086 magnum
591 2038 747 2086 sigillum
774 2037 935 2072 nostrum
964 2037 1099 2084 apponi
1125 2038 1354 2085 precepimus
1374 2039 1522 2075 testibus
1541 2043 1764 2078 reuerendis-

197 2109 282 2144 fimo
308 2107 590 2155 reuerendisque
618 2106 655 2141 in
677 2105 823 2142 Christo
850 2106 1014 2154 patribus
1041 2104 1183 2141 Jacobo
1210 2106 1482 2155 archiepiscopo
1503 2107 1763 2146 Sanffiandrcc

196 2177 416 2213 cancellario
459 2176 582 2211 nostro
620 2174 777 2211 Gawino
822 2174 988 2222 episcopo
1024 2174 1270 2210 Abirdonenss
1315 2176 1519 2211 nostrorum
1560 2178 1762 2214 rotulorum

195 2246 340 2294 registri
372 2252 407 2280 et
439 2243 577 2280 confilii
609 2243 742 2279 elerico
774 2243 897 2279 Dauid
929 2243 1094 2291 episcopo
1128 2242 1374 2279 Candidecase
1404 2243 1594 2290 nostreque
1626 2248 1762 2294 capelle

195 2315 296 2363 regie
318 2311 612 2360 Striuelingenfis
632 2331 638 2338 ·
659 2311 800 2347 dileffis
833 2310 1108 2358 consanguineis
1136 2310 1267 2346 nostris
1293 2311 1434 2348 Jacobo
1462 2313 1592 2348 comite
1620 2315 1760 2351 Aranie

194 2383 342 2419 domino
363 2381 628 2429 Hammyltoun
651 2379 783 2416 Colino
811 2380 943 2415 comite
970 2379 1014 2414 de
1043 2379 1180 2427 Ergyle
1207 2380 1354 2415 domino
1375 2379 1567 2427 Campbell
1585 2387 1621 2416 et
1639 2381 1760 2419 Lorne

196 2451 356 2499 Hugone
376 2450 506 2486 comite
521 2450 565 2485 de
578 2448 805 2496 Eglingtoun
825 2447 972 2482 domino
988 2446 1247 2495 Montgomery
1260 2469 1267 2476 ·
1283 2448 1547 2484 venerabilibus
1562 2449 1597 2484 in
1615 2449 1759 2487 Christo
