2147 2964
306 841 620 890 EGCLESIA
664 842 1073 890 COLLEGIATA
1117 844 1197 891 DE
1243 845 1687 894 GREYCHTOUN.

216 1218 347 1266 [Carta
364 1219 657 1254 confirmacionis
675 1219 719 1254 de
737 1219 955 1254 fundacione
976 1218 1137 1255 Eeelefie
1160 1219 1363 1267 Collegiate
1384 1221 1428 1255 de
1450 1219 1720 1270 Creychtomrj

126 1362 149 1397 9
211 1339 396 1393 -JACOBUS
428 1354 500 1390 Dei
532 1361 568 1390 et
599 1354 795 1401 apostolice
828 1354 918 1390 sedis
949 1356 1075 1403 gracia
1104 1356 1290 1404 episcopus
1320 1355 1581 1393 San&iandree
1611 1358 1783 1393 vniuersis

215 1425 331 1459 fauste
351 1423 477 1459 matris
502 1422 651 1459 ecclesie
670 1423 753 1458 filiis
781 1423 827 1458 ad
852 1436 1005 1470 quorum
1034 1424 1187 1459 noticias
1215 1425 1401 1471 presentes
1421 1425 1527 1460 litere
1547 1427 1784 1472 peruenerint

214 1492 363 1527 salutem
381 1492 418 1526 in
438 1491 600 1527 omnium
623 1490 814 1527 Saluatore
830 1512 836 1518 ·
853 1490 1035 1538 Splendor
1054 1498 1179 1527 eterne
1198 1492 1315 1539 glorie
1340 1493 1401 1539 qui
1430 1495 1491 1528 sua
1510 1495 1685 1529 mundum
1705 1494 1785 1529 illu-

212 1560 327 1596 minat
346 1560 520 1595 ineffabili
549 1559 715 1595 claritate
743 1560 803 1607 pia
822 1566 907 1595 vota
933 1559 1094 1595 fidelium
1114 1560 1159 1595 de
1179 1562 1238 1596 sue
1267 1560 1462 1596 maiestatis
1488 1561 1689 1598 clemencia
1708 1569 1783 1598 tum

213 1628 372 1676 benigno
392 1628 518 1663 fauore
537 1627 766 1675 prosequitur
784 1641 865 1663 cum
881 1628 1015 1664 deuota
1034 1629 1190 1676 ipsorum
1212 1628 1394 1664 humilitas
1409 1635 1444 1664 et
1460 1629 1618 1665 sincerus
1633 1631 1784 1666 affectus

213 1697 248 1732 in
266 1697 381 1732 diuini
397 1697 516 1732 cultus
531 1696 871 1743 augmentaeionem
891 1696 1037 1732 feruore
1057 1696 1295 1732 dinoscuntur
1309 1717 1316 1724 ·
1333 1697 1411 1732 Nos
1426 1710 1570 1744 quoque
1586 1698 1630 1733 de
1646 1698 1783 1746 superis

213 1765 258 1800 ad
278 1764 454 1800 inferiora
469 1764 635 1799 divinatis
654 1763 828 1811 exemplis
843 1764 912 1811 piis
925 1764 1112 1800 desideriis
1127 1764 1296 1812 iustisque
1312 1764 1596 1812 supplicancium
1613 1767 1782 1813 precibus

213 1846 303 1880 quos
321 1833 410 1868 fides
430 1833 506 1878 spes
525 1839 562 1867 et
581 1832 740 1868 charitas
759 1833 805 1868 ad
825 1832 1036 1868 deuoeionis
1056 1832 1204 1867 affthus
1224 1838 1259 1868 et
1277 1832 1392 1867 diuini
1409 1833 1527 1868 cultus
1546 1841 1781 1879 augmentum

213 1902 386 1937 continue
401 1901 583 1936 solicitant
596 1907 634 1936 ut
648 1901 694 1936 ad
708 1901 870 1948 graciam
885 1900 1040 1949 dispositi
1060 1907 1096 1935 et
1114 1900 1161 1935 ad
1179 1899 1333 1946 gloriam
1349 1900 1493 1935 inuitati
1507 1900 1543 1935 in
1561 1901 1629 1948 piis
1644 1902 1782 1938 affitibus

212 1969 419 2005 feruencius
438 1975 474 2005 et
493 1969 689 2004 instaneius
708 1969 942 2016 perseuerent
960 1974 1032 2004 tam
1052 1968 1157 2015 vigor
1176 1974 1211 2003 et
1230 1969 1353 2003 feruor
1373 1968 1543 2014 equitatis
1563 1982 1669 2016 quam
1691 1971 1782 2005 ordo

212 2038 369 2074 racionis
386 2038 510 2073 fauere
529 2050 594 2072 nos
615 2037 793 2073 inducunt
805 2037 966 2073 ·Literas
985 2036 1097 2084 igitur
1116 2036 1248 2071 nobilis
1263 2042 1299 2071 et
1314 2036 1472 2083 potentis
1488 2036 1625 2071 domini
1642 2037 1780 2073 domini

212 2106 386 2142 Willelmi
416 2106 552 2141 domini
583 2105 819 2154 Creyehtoun
848 2112 883 2141 et
908 2104 1118 2141 cancellarii
1146 2104 1251 2152 regni
1280 2103 1406 2139 Scocie
1431 2110 1598 2151 patentes
1618 2105 1678 2140 suo
1697 2118 1780 2141 nec-

210 2187 283 2210 non
303 2174 439 2209 domini
460 2173 591 2209 Jacobi
611 2173 655 2208 de
677 2173 913 2221 Creyehtoun
933 2172 1070 2208 domini
1093 2172 1137 2207 de
1157 2171 1413 2207 Frendraucht
1431 2171 1557 2207 militis
1576 2173 1627 2207 sui
1647 2176 1779 2220 primo-

208 2242 323 2289 geniti
341 2248 378 2278 et
404 2242 549 2277 heredis
577 2241 698 2289 sigillis
725 2240 898 2289 sigillatas
924 2240 1024 2288 pium
1052 2246 1088 2275 et
1115 2239 1297 2275 laudabile
1324 2239 1432 2286 ipsius
1457 2239 1596 2275 domini
1617 2241 1778 2289 Creych-

209 2317 299 2346 toun
318 2309 541 2358 propositum
561 2315 777 2357 perpetuum
804 2308 997 2355 collegium
1017 2308 1089 2344 siue
1117 2307 1305 2343 ecclesiam
1326 2307 1555 2355 collegiatam
1577 2310 1682 2344 vnius
1700 2323 1779 2358 pre—

209 2378 313 2425 positi
333 2384 369 2414 et
387 2381 467 2413 οᾶο
487 2377 758 2425 capellanorum
777 2389 818 2412 ac
841 2376 996 2411 duorum
1023 2388 1220 2423 puerorum
1248 2376 1284 2411 in
1304 2375 1455 2411 ecclessa
1473 2376 1518 2412 de
1540 2376 1777 2425 Creyehtoun

208 2459 278 2494 que
297 2447 342 2483 de
362 2447 423 2482 suo
450 2451 645 2494 patronatu
675 2444 795 2481 existit
822 2444 1008 2493 perpetuis
1037 2444 1169 2480 futuris
1200 2444 1423 2492 temporibus
1452 2444 1667 2481 duraturum
1695 2459 1776 2482 cum

950 2516 972 2547 2
992 2525 1015 2551 Q
