2147 2964
197 1710 264 1741 1:32

208 2319 276 2350 133

325 305 391 337 15⁶2
618 297 931 335 REGISTRUM
964 297 1216 334 ECCLESIE
1245 297 1590 334 COLLEGIATE

323 400 449 447 Naper
469 405 504 434 et
523 398 736 445 Margarete
756 397 948 433 Mennoun
968 409 1035 443 pro
1055 397 1191 432 summa
1208 397 1362 444 pecunie
1382 409 1446 444 per
1465 396 1647 432 Joannem
1669 397 1895 432 Drowmond

321 468 417 515 apud
438 467 634 515 collegium
654 466 784 501 Sancte
805 465 1000 501 Trinitatis
1029 471 1315 500 commorantem
1343 471 1379 500 et
1398 465 1646 511 Margaretam
1668 465 1793 500 Broun
1819 465 1896 499 eius

323 537 485 583 sponsam
515 535 699 583 persoluta
729 534 893 570 vendunt
921 534 1073 581 prefatis
1100 533 1238 569 Joanni
1270 539 1305 568 et
1334 533 1545 580 Margarete
1575 540 1611 569 et
1638 532 1833 568 heredibus
1861 538 1897 567 et

323 605 505 653 affignatis
524 604 680 640 Joannis
700 604 975 651 quibuscunque
995 604 1142 638 domum
1170 615 1236 649 per
1256 602 1370 637 diaos
1388 602 1571 637 Joannem
1591 608 1626 636 et
1645 601 1894 649 Margaretam

324 680 538 722 occupatam
568 674 750 709 iacentem
782 684 895 719 prope
928 672 1123 719 collegium
1156 671 1200 705 ad
1230 670 1337 705 finem
1369 670 1553 705 borealem
1584 670 1681 705 horti
1712 669 1895 716 quondam

325 743 463 779 domini
482 742 615 778 Jacobi
635 740 759 776 Waldi
780 740 1079 787 prebendariide
1102 739 1271 775 Gilstoun
1298 751 1395 774 nunc
1419 738 1592 785 magistro
1611 738 1798 786 hospitalis
1816 751 1896 786 per-

326 811 476 848 tinentis
504 811 599 846 inter
627 822 734 844 Vnam
764 809 910 844 domum
939 810 1184 855 pertinentem
1212 807 1308 842 dieto
1337 807 1484 842 domino
1509 806 1650 841 Jacobo
1678 819 1719 842 ex
1749 806 1896 841 australi

326 887 460 916 terram
481 879 664 926 quondam
684 877 841 913 Joannis
860 877 1030 912 Rudman
1051 888 1149 911 nunc
1170 874 1357 910 Willelmo
1379 874 1561 917 Quhittok
1582 881 1618 910 et
1639 874 1799 911 Cristine
1818 874 1898 910 Raa

325 950 401 984 eius
420 948 543 996 sponse
570 946 817 993 pertinentem
840 958 882 980 ex
901 944 1041 980 boreali
1070 956 1299 979 communem
1325 943 1419 978 viam
1438 943 1577 990 regiam
1598 956 1640 978 ex
1663 943 1833 978 orientali
1863 950 1896 977 et

324 1018 469 1053 hortum
491 1017 576 1051 dieti
604 1014 767 1062 magistri
795 1013 982 1060 hospitalis
1002 1025 1045 1048 ex
1070 1012 1291 1047 occidentali
1318 1011 1415 1046 infra
1440 1011 1670 1058 regalitatem
1690 1011 1834 1058 collegii
1863 1018 1898 1046 et

326 1084 621 1121 vicecomitatum
651 1083 696 1118 de
726 1081 944 1128 Edinburgh
973 1101 979 1107 ·
1008 1080 1210 1116 Reddendo
1243 1081 1430 1116 annuatim
1463 1080 1716 1127 prebendariis
1751 1083 1794 1114 14
1807 1092 1834 1114 s.
1864 1087 1897 1114 et

324 1152 569 1201 hospitulariis
601 1150 723 1187 Sanffi
754 1150 941 1185 Leonardi
972 1152 1034 1184 25.
1068 1148 1188 1184 Scotie
1213 1170 1219 1176 ·
1242 1149 1351 1196 Apud
1383 1148 1599 1184 Edinburch
1633 1151 1679 1183 28
1710 1147 1899 1184 Februarii

330 1225 424 1257 1582
451 1233 573 1257 coram
595 1220 757 1254 Roberto
778 1217 917 1253 Pursell
942 1217 1090 1252 lanione
1110 1215 1296 1251 Willelmo
1318 1215 1498 1258 Quhittok
1527 1216 1630 1251 fabro
1657 1217 1836 1264 burgense
1856 1217 1900 1251 de

326 1288 543 1326 Edinburch
564 1287 811 1333 Quintigerno
830 1286 926 1320 Reid
944 1285 1142 1320 horreareo
1161 1284 1308 1318 Joanne
1329 1283 1464 1318 Touris
1484 1284 1587 1319 fabro
1605 1284 1784 1331 burgense
1802 1284 1901 1320 Vici-

328 1358 590 1393 canonicorum
623 1362 658 1390 et
688 1354 834 1389 Thema
865 1353 946 1388 Bell
977 1353 1073 1400 apud
1107 1352 1312 1399 Collegium
1345 1358 1594 1392 commorante
1624 1373 1631 1380 ·
1662 1353 1902 1389 Confirmatio

327 1428 412 1461 data
444 1425 540 1472 apud
558 1422 764 1470 Collegium
797 1425 842 1461 19
863 1420 1004 1469 Aprilis
1026 1422 1121 1455 1584
1151 1432 1274 1455 coram
1306 1419 1478 1468 magistro
1510 1420 1674 1468 Georgio
1700 1420 1902 1456 Makesoun

326 1496 506 1530 aduocato
526 1492 672 1527 Thoma
699 1489 831 1525 Baillie
861 1490 906 1524 de
938 1488 1192 1535 Raviniscraig
1222 1493 1258 1523 et
1284 1487 1432 1524 Joanne
1460 1488 1623 1524 Rowane
1652 1490 1831 1536 burgense
1860 1491 1903 1524 de

328 1562 541 1600 Edinburch
563 1573 643 1596 cum
665 1560 756 1595 aliis.

328 1686 511 1739 JACOBUS
543 1699 788 1734 HENuvsonN
821 1695 993 1743 magister
1020 1693 1208 1741 hospitalis
1239 1694 1411 1741 magister
1444 1693 1609 1729 Joannes
1638 1694 1903 1730 Manderstoun

330 1768 594 1818 prebendarius
633 1767 678 1802 de
716 1764 939 1801 Ormestoun
984 1761 1219 1810 prebendarii
1264 1761 1467 1808 nuncupati
1513 1761 1903 1798 Netherbroderstanis

332 1838 539 1875 concedunt
558 1834 772 1871 Alexandro
794 1831 970 1880 Hogekin
999 1837 1034 1866 et
1061 1830 1220 1866 Mariote
1242 1831 1480 1879 Hoppringill
1507 1832 1567 1867 sue
1592 1833 1716 1880 sponse
1740 1840 1776 1869 et
1794 1833 1904 1869 Alex-

333 1907 448 1942 andro
468 1904 644 1952 Hogekin
673 1914 798 1938 eorum
826 1900 901 1935 filio
929 1899 1175 1947 primogenito
1203 1899 1396 1935 heredibus
1424 1899 1493 1934 suis
1521 1906 1556 1935 et
1583 1900 1767 1948 affignatis
1789 1907 1904 1937 terras

334 1976 379 2011 de
409 1973 553 2010 Nether
575 1969 831 2007 Broderstanis
863 1967 948 2018 [etc.
978 1974 1017 2003 ut
1048 1968 1156 2015 supra
1183 1966 1254 2003 No.
1286 1966 1373 2016 129]
1398 1967 1616 2014 quequidem
1645 1969 1795 2004 fuerunt
1821 1969 1904 2004 dicti

335 2041 539 2079 Alexandri
566 2039 790 2076 hereditarie
819 2043 855 2073 et
881 2049 970 2084 quas
997 2035 1197 2083 refignauit
1215 2055 1222 2062 ·
1244 2036 1446 2071 Reddendo
1474 2036 1662 2072 annuatim
1691 2040 1738 2072 20
1764 2050 1905 2074 marcas

337 2111 458 2148 Scotie
489 2121 632 2145 necnon
664 2106 860 2155 prestando
892 2111 966 2141 tres
997 2105 1109 2139 sedtas
1138 2103 1239 2138 curie
1267 2104 1313 2139 ad
1345 2104 1416 2139 tria
1444 2104 1580 2151 placita
1610 2104 1779 2151 capitalia
1810 2106 1906 2151 apud

339 2179 543 2226 Collegium
566 2197 572 2203 ·
594 2179 640 2215 19
660 2174 801 2222 Aprilis
823 2177 929 2209 1584.
952 2175 963 2180 “’

339 2300 374 2353 J
379 2325 527 2350 omnes
549 2312 698 2348 Bowsm
730 2310 864 2357 aliique
893 2308 1121 2355 hospitularii
1141 2313 1176 2343 et
1195 2307 1367 2355 magister
1386 2307 1568 2355 hospitalis
1588 2307 1676 2342 dant
1695 2315 1905 2355 preceptum

343 2382 451 2418 satine
487 2393 554 2428 pro
584 2379 737 2415 Andrea
767 2377 940 2412 Bowman
975 2382 1148 2422 tanquam
1185 2375 1259 2410 filio
1294 2380 1329 2410 et
1364 2374 1500 2409 herede
1535 2374 1717 2420 quondam
1752 2374 1905 2411 Henrici

343 2451 515 2486 Bowman
543 2448 578 2482 in
606 2446 823 2482 duodecima
854 2450 956 2492 parte
987 2449 1167 2479 terrarum
1198 2443 1243 2478 de
1271 2442 1491 2490 Vtherogall
1519 2454 1589 2488 que
1617 2442 1845 2478 deuenerunt
1871 2444 1906 2478 in
