<?xml version="1.0" encoding="UTF-8"?>
<!DOCTYPE html PUBLIC "-//W3C//DTD XHTML 1.0 Transitional//EN"
    "http://www.w3.org/TR/xhtml1/DTD/xhtml1-transitional.dtd">
<html xmlns="http://www.w3.org/1999/xhtml" xml:lang="en" lang="en">
 <head>
  <title>
</title>
<meta http-equiv="Content-Type" content="text/html;charset=utf-8" />
  <meta name='ocr-system' content='tesseract 3.04.00' />
  <meta name='ocr-capabilities' content='ocr_page ocr_carea ocr_par ocr_line ocrx_word'/>
</head>
<body>
  <div class='ocr_page' id='page_1' title='image "./registrumdomusde00lain_0057.png"; bbox 0 0 2147 2964; ppageno 0'>
   <div class='ocr_carea' id='block_1_1' title="bbox 567 300 1799 344">
    <p class='ocr_par' dir='ltr' id='par_1_1' title="bbox 567 300 1799 344">
     <span class='ocr_line' id='line_1_1' title="bbox 567 300 1799 344; baseline 0.002 -8"><span class='ocrx_word' id='word_1_1' title='bbox 567 300 794 336; x_wconf 82' lang='lat' dir='ltr'>TRINITY</span> <span class='ocrx_word' id='word_1_2' title='bbox 824 300 1079 344; x_wconf 81' lang='lat' dir='ltr'>COLLEGE‚</span> <span class='ocrx_word' id='word_1_3' title='bbox 1110 302 1445 340; x_wconf 85' lang='lat' dir='ltr'>EDINBURGH.</span> <span class='ocrx_word' id='word_1_4' title='bbox 1740 304 1799 339; x_wconf 83' lang='lat' dir='ltr'>xix</span> 
     </span>
    </p>
   </div>
   <div class='ocr_carea' id='block_1_2' title="bbox 223 398 1799 443">
    <p class='ocr_par' dir='ltr' id='par_1_2' title="bbox 223 398 1799 443">
     <span class='ocr_line' id='line_1_2' title="bbox 223 398 1799 443; baseline 0.001 -11"><span class='ocrx_word' id='word_1_5' title='bbox 223 410 326 432; x_wconf 84' lang='lat' dir='ltr'>rarum</span> <span class='ocrx_word' id='word_1_6' title='bbox 342 399 501 441; x_wconf 86' lang='lat' dir='ltr'>quondam</span> <span class='ocrx_word' id='word_1_7' title='bbox 515 398 637 430; x_wconf 79' lang='lat' dir='ltr'>&#39;rhome</span> <span class='ocrx_word' id='word_1_8' title='bbox 650 398 785 440; x_wconf 87' lang='lat' dir='ltr'>Mulbyn</span> <span class='ocrx_word' id='word_1_9' title='bbox 799 399 832 431; x_wconf 86' lang='lat' dir='ltr'>in</span> <span class='ocrx_word' id='word_1_10' title='bbox 845 399 950 431; x_wconf 87' lang='lat' dir='ltr'>warda</span> <span class='ocrx_word' id='word_1_11' title='bbox 962 400 1168 432; x_wconf 81' lang='lat' dir='ltr'>existencium</span> <span class='ocrx_word' id='word_1_12' title='bbox 1185 400 1315 432; x_wconf 83' lang='lat' dir='ltr'>liberate</span> <span class='ocrx_word' id='word_1_13' title='bbox 1327 401 1367 432; x_wconf 85' lang='lat' dir='ltr'>ad</span> <span class='ocrx_word' id='word_1_14' title='bbox 1380 401 1532 433; x_wconf 83' lang='lat' dir='ltr'><strong>fabricam</strong></span> <span class='ocrx_word' id='word_1_15' title='bbox 1546 401 1668 443; x_wconf 83' lang='lat' dir='ltr'>collegii</span> <span class='ocrx_word' id='word_1_16' title='bbox 1685 402 1799 435; x_wconf 83' lang='lat' dir='ltr'><strong>Sancte</strong></span> 
     </span>
    </p>
   </div>
   <div class='ocr_carea' id='block_1_3' title="bbox 221 453 1795 719">
    <p class='ocr_par' dir='ltr' id='par_1_3' title="bbox 221 453 1795 719">
     <span class='ocr_line' id='line_1_3' title="bbox 222 453 1728 496; baseline 0 -9"><span class='ocrx_word' id='word_1_17' title='bbox 222 455 385 487; x_wconf 87' lang='lat' dir='ltr'>Trinitatis</span> <span class='ocrx_word' id='word_1_18' title='bbox 401 464 495 495; x_wconf 84' lang='lat' dir='ltr'>prope</span> <span class='ocrx_word' id='word_1_19' title='bbox 511 453 701 495; x_wconf 86' lang='lat' dir='ltr'>Edinburgh</span> <span class='ocrx_word' id='word_1_20' title='bbox 717 454 755 485; x_wconf 90' lang='lat' dir='ltr'>de</span> <span class='ocrx_word' id='word_1_21' title='bbox 772 454 922 486; x_wconf 87' lang='lat' dir='ltr'>mandato</span> <span class='ocrx_word' id='word_1_22' title='bbox 938 454 1058 486; x_wconf 89' lang='lat' dir='ltr'>domini</span> <span class='ocrx_word' id='word_1_23' title='bbox 1074 455 1171 496; x_wconf 86' lang='lat' dir='ltr'>Regis</span> <span class='ocrx_word' id='word_1_24' title='bbox 1186 455 1323 487; x_wconf 83' lang='lat' dir='ltr'>literario</span> <span class='ocrx_word' id='word_1_25' title='bbox 1338 455 1395 488; x_wconf 89' lang='lat' dir='ltr'>viii</span> <span class='ocrx_word' id='word_1_26' title='bbox 1406 456 1437 487; x_wconf 90' lang='lat' dir='ltr'>li.</span> <span class='ocrx_word' id='word_1_27' title='bbox 1454 456 1508 488; x_wconf 91' lang='lat' dir='ltr'>iis.</span> <span class='ocrx_word' id='word_1_28' title='bbox 1528 456 1582 489; x_wconf 90' lang='lat' dir='ltr'>viii</span> <span class='ocrx_word' id='word_1_29' title='bbox 1592 457 1612 488; x_wconf 91' lang='lat' dir='ltr'>d</span> <span class='ocrx_word' id='word_1_30' title='bbox 1616 480 1728 488; x_wconf 82' lang='lat'><strong>.....</strong></span> 
     </span>
     <span class='ocr_line' id='line_1_4' title="bbox 221 564 1794 606; baseline 0.001 -9"><span class='ocrx_word' id='word_1_31' title='bbox 221 566 279 597; x_wconf 91' lang='lat' dir='ltr'>No.</span> <span class='ocrx_word' id='word_1_32' title='bbox 294 566 364 598; x_wconf 84' lang='lat'>257.</span> <span class='ocrx_word' id='word_1_33' title='bbox 649 564 845 606; x_wconf 87' lang='lat' dir='ltr'>Computum</span> <span class='ocrx_word' id='word_1_34' title='bbox 862 564 998 596; x_wconf 84' lang='lat' dir='ltr'>Gilberti</span> <span class='ocrx_word' id='word_1_35' title='bbox 1016 565 1138 596; x_wconf 89' lang='lat' dir='ltr'>domini</span> <span class='ocrx_word' id='word_1_36' title='bbox 1154 565 1310 606; x_wconf 87' lang='lat' dir='ltr'>Kennedy</span> <span class='ocrx_word' id='word_1_37' title='bbox 1327 566 1437 598; x_wconf 89' lang='lat' dir='ltr'>balliui</span> <span class='ocrx_word' id='word_1_38' title='bbox 1453 567 1492 599; x_wconf 91' lang='lat' dir='ltr'>de</span> <span class='ocrx_word' id='word_1_39' title='bbox 1508 567 1613 599; x_wconf 79' lang='lat' dir='ltr'>Carrio</span> <span class='ocrx_word' id='word_1_40' title='bbox 1638 568 1794 600; x_wconf 81' lang='lat' dir='ltr'>redditum</span> 
     </span>
     <span class='ocr_line' id='line_1_5' title="bbox 604 619 1154 661; baseline 0 -10"><span class='ocrx_word' id='word_1_41' title='bbox 604 620 689 661; x_wconf 89' lang='lat' dir='ltr'>apud</span> <span class='ocrx_word' id='word_1_42' title='bbox 705 620 803 652; x_wconf 85' lang='lat' dir='ltr'>Perth</span> <span class='ocrx_word' id='word_1_43' title='bbox 819 621 838 652; x_wconf 87' lang='grc'><strong>9</strong></span> <span class='ocrx_word' id='word_1_44' title='bbox 853 619 875 652; x_wconf 82' lang='lat' dir='ltr'>J</span> <span class='ocrx_word' id='word_1_45' title='bbox 878 619 945 651; x_wconf 86' lang='lat' dir='ltr'>unii</span> <span class='ocrx_word' id='word_1_46' title='bbox 963 620 1047 653; x_wconf 83' lang='lat'>1467</span> <span class='ocrx_word' id='word_1_47' title='bbox 1049 645 1154 652; x_wconf 90' lang='grc'>.....</span> 
     </span>
     <span class='ocr_line' id='line_1_6' title="bbox 262 674 1795 719; baseline 0.004 -14"><span class='ocrx_word' id='word_1_48' title='bbox 262 674 407 716; x_wconf 82' lang='lat' dir='ltr'>Expense</span> <span class='ocrx_word' id='word_1_49' title='bbox 422 698 429 705; x_wconf 95' lang='lat'><strong>.</strong></span> <span class='ocrx_word' id='word_1_50' title='bbox 475 699 482 706; x_wconf 95' lang='lat'><strong>.</strong></span> <span class='ocrx_word' id='word_1_51' title='bbox 499 700 505 707; x_wconf 93' lang='lat'>.</span> <span class='ocrx_word' id='word_1_52' title='bbox 524 675 567 707; x_wconf 88' lang='lat' dir='ltr'>Et</span> <span class='ocrx_word' id='word_1_53' title='bbox 578 675 679 707; x_wconf 86' lang='lat' dir='ltr'>eidem</span> <span class='ocrx_word' id='word_1_54' title='bbox 690 686 745 717; x_wconf 88' lang='lat' dir='ltr'>per</span> <span class='ocrx_word' id='word_1_55' title='bbox 758 674 979 707; x_wconf 83' lang='lat' dir='ltr'>liberacionem</span> <span class='ocrx_word' id='word_1_56' title='bbox 991 675 1108 707; x_wconf 88' lang='lat' dir='ltr'>factam</span> <span class='ocrx_word' id='word_1_57' title='bbox 1119 675 1261 707; x_wconf 81' lang='lat' dir='ltr'>Johanni</span> <span class='ocrx_word' id='word_1_58' title='bbox 1273 675 1501 708; x_wconf 83' lang='lat' dir='ltr'>Halkirstoune</span> <span class='ocrx_word' id='word_1_59' title='bbox 1514 677 1665 719; x_wconf 81' lang='lat' dir='ltr'>magistro</span> <span class='ocrx_word' id='word_1_60' title='bbox 1678 679 1795 711; x_wconf 83' lang='lat' dir='ltr'>fabrice</span> 
     </span>
    </p>
   </div>
   <div class='ocr_carea' id='block_1_4' title="bbox 217 730 1795 828">
    <p class='ocr_par' dir='ltr' id='par_1_4' title="bbox 217 730 1795 828">
     <span class='ocr_line' id='line_1_7' title="bbox 217 730 1795 773; baseline 0.003 -11"><span class='ocrx_word' id='word_1_61' title='bbox 217 730 339 773; x_wconf 82' lang='lat' dir='ltr'>collegii</span> <span class='ocrx_word' id='word_1_62' title='bbox 355 731 467 763; x_wconf 79' lang='lat' dir='ltr'>Sancte</span> <span class='ocrx_word' id='word_1_63' title='bbox 484 731 652 763; x_wconf 80' lang='lat' dir='ltr'>Trinitatis</span> <span class='ocrx_word' id='word_1_64' title='bbox 668 742 762 773; x_wconf 86' lang='lat' dir='ltr'>prope</span> <span class='ocrx_word' id='word_1_65' title='bbox 778 731 969 773; x_wconf 80' lang='lat' dir='ltr'>Edinburgh</span> <span class='ocrx_word' id='word_1_66' title='bbox 985 732 1024 763; x_wconf 89' lang='lat' dir='ltr'>de</span> <span class='ocrx_word' id='word_1_67' title='bbox 1040 732 1138 763; x_wconf 83' lang='lat' dir='ltr'>firmis</span> <span class='ocrx_word' id='word_1_68' title='bbox 1154 736 1309 764; x_wconf 86' lang='lat' dir='ltr'>terrarum</span> <span class='ocrx_word' id='word_1_69' title='bbox 1330 732 1369 764; x_wconf 84' lang='lat' dir='ltr'>de</span> <span class='ocrx_word' id='word_1_70' title='bbox 1384 733 1575 765; x_wconf 86' lang='lat' dir='ltr'>Kirkandris</span> <span class='ocrx_word' id='word_1_71' title='bbox 1590 734 1629 765; x_wconf 82' lang='lat' dir='ltr'>de</span> <span class='ocrx_word' id='word_1_72' title='bbox 1645 736 1795 767; x_wconf 84' lang='lat' dir='ltr'>mandato</span> 
     </span>
     <span class='ocr_line' id='line_1_8' title="bbox 217 786 754 828; baseline -0.002 -10"><span class='ocrx_word' id='word_1_73' title='bbox 217 786 338 818; x_wconf 85' lang='lat' dir='ltr'>domini</span> <span class='ocrx_word' id='word_1_74' title='bbox 355 786 450 828; x_wconf 80' lang='lat' dir='ltr'>Regis</span> <span class='ocrx_word' id='word_1_75' title='bbox 467 813 472 818; x_wconf 95' lang='lat'>.</span> <span class='ocrx_word' id='word_1_76' title='bbox 491 812 497 819; x_wconf 91' lang='lat'>.</span> <span class='ocrx_word' id='word_1_77' title='bbox 517 813 522 818; x_wconf 86' lang='lat'><strong><em>.</em></strong></span> <span class='ocrx_word' id='word_1_78' title='bbox 543 811 550 818; x_wconf 90' lang='lat'><strong>.</strong></span> <span class='ocrx_word' id='word_1_79' title='bbox 567 798 609 818; x_wconf 80' lang='lat' dir='ltr'>xx</span> <span class='ocrx_word' id='word_1_80' title='bbox 621 787 642 818; x_wconf 92' lang='lat' dir='ltr'>li</span> <span class='ocrx_word' id='word_1_81' title='bbox 645 809 754 819; x_wconf 83' lang='grc'><strong>.....</strong></span> 
     </span>
    </p>
   </div>
   <div class='ocr_carea' id='block_1_5' title="bbox 215 897 1793 1162">
    <p class='ocr_par' dir='ltr' id='par_1_5' title="bbox 215 897 1793 1162">
     <span class='ocr_line' id='line_1_9' title="bbox 216 897 1790 939; baseline 0.001 -10"><span class='ocrx_word' id='word_1_82' title='bbox 216 899 274 929; x_wconf 91' lang='lat' dir='ltr'>No.</span> <span class='ocrx_word' id='word_1_83' title='bbox 293 899 363 930; x_wconf 83' lang='lat'>258.</span> <span class='ocrx_word' id='word_1_84' title='bbox 649 898 846 939; x_wconf 85' lang='lat' dir='ltr'>Oomputum</span> <span class='ocrx_word' id='word_1_85' title='bbox 862 897 1128 930; x_wconf 79' lang='lat' dir='ltr'>custumariorum</span> <span class='ocrx_word' id='word_1_86' title='bbox 1151 897 1243 938; x_wconf 87' lang='lat' dir='ltr'>burgi</span> <span class='ocrx_word' id='word_1_87' title='bbox 1259 897 1297 928; x_wconf 85' lang='lat' dir='ltr'>de</span> <span class='ocrx_word' id='word_1_88' title='bbox 1314 897 1513 938; x_wconf 80' lang='lat' dir='ltr'>Edinburgh,</span> <span class='ocrx_word' id='word_1_89' title='bbox 1532 899 1572 929; x_wconf 90' lang='lat'>14</span> <span class='ocrx_word' id='word_1_90' title='bbox 1589 898 1611 929; x_wconf 79' lang='lat' dir='ltr'><strong>J</strong></span> <span class='ocrx_word' id='word_1_91' title='bbox 1616 899 1681 931; x_wconf 89' lang='lat' dir='ltr'>unii</span> <span class='ocrx_word' id='word_1_92' title='bbox 1700 900 1790 930; x_wconf 72' lang='lat'>1466.</span> 
     </span>
     <span class='ocr_line' id='line_1_10' title="bbox 605 954 844 987; baseline -0.008 -1"><span class='ocrx_word' id='word_1_93' title='bbox 605 955 621 986; x_wconf 92' lang='lat'>1</span> <span class='ocrx_word' id='word_1_94' title='bbox 640 954 662 986; x_wconf 83' lang='lat' dir='ltr'><strong>J</strong></span> <span class='ocrx_word' id='word_1_95' title='bbox 666 954 733 986; x_wconf 91' lang='lat' dir='ltr'>unii</span> <span class='ocrx_word' id='word_1_96' title='bbox 750 954 844 987; x_wconf 85' lang='lat'>1467.</span> 
     </span>
     <span class='ocr_line' id='line_1_11' title="bbox 261 1008 1792 1051; baseline 0 -10"><span class='ocrx_word' id='word_1_97' title='bbox 261 1010 405 1051; x_wconf 83' lang='lat' dir='ltr'>Expense</span> <span class='ocrx_word' id='word_1_98' title='bbox 422 1033 429 1041; x_wconf 92' lang='lat'><strong><em>.</em></strong></span> <span class='ocrx_word' id='word_1_99' title='bbox 447 1034 454 1041; x_wconf 90' lang='lat'>.</span> <span class='ocrx_word' id='word_1_100' title='bbox 470 1035 477 1042; x_wconf 88' lang='lat'>.</span> <span class='ocrx_word' id='word_1_101' title='bbox 495 1035 501 1041; x_wconf 88' lang='lat'><strong>.</strong></span> <span class='ocrx_word' id='word_1_102' title='bbox 519 1010 562 1041; x_wconf 87' lang='lat' dir='ltr'>Et</span> <span class='ocrx_word' id='word_1_103' title='bbox 577 1009 678 1041; x_wconf 86' lang='lat' dir='ltr'>eidem</span> <span class='ocrx_word' id='word_1_104' title='bbox 703 1020 757 1051; x_wconf 89' lang='lat' dir='ltr'>per</span> <span class='ocrx_word' id='word_1_105' title='bbox 779 1009 1000 1041; x_wconf 84' lang='lat' dir='ltr'>liberacionem</span> <span class='ocrx_word' id='word_1_106' title='bbox 1023 1008 1140 1040; x_wconf 86' lang='lat' dir='ltr'>factam</span> <span class='ocrx_word' id='word_1_107' title='bbox 1163 1008 1292 1040; x_wconf 84' lang='lat' dir='ltr'>domino</span> <span class='ocrx_word' id='word_1_108' title='bbox 1316 1008 1472 1040; x_wconf 83' lang='lat' dir='ltr'>Edwardo</span> <span class='ocrx_word' id='word_1_109' title='bbox 1497 1009 1612 1041; x_wconf 91' lang='lat' dir='ltr'>Boncle</span> <span class='ocrx_word' id='word_1_110' title='bbox 1636 1009 1792 1051; x_wconf 85' lang='lat' dir='ltr'>preposito</span> 
     </span>
     <span class='ocr_line' id='line_1_12' title="bbox 215 1063 1793 1106; baseline 0 -10"><span class='ocrx_word' id='word_1_111' title='bbox 215 1065 340 1097; x_wconf 80' lang='lat' dir='ltr'>ecclesie</span> <span class='ocrx_word' id='word_1_112' title='bbox 355 1065 518 1106; x_wconf 87' lang='lat' dir='ltr'>collegiate</span> <span class='ocrx_word' id='word_1_113' title='bbox 535 1065 648 1097; x_wconf 84' lang='lat' dir='ltr'>Sancte</span> <span class='ocrx_word' id='word_1_114' title='bbox 664 1064 831 1097; x_wconf 83' lang='lat' dir='ltr'>Trinitatis</span> <span class='ocrx_word' id='word_1_115' title='bbox 853 1075 948 1106; x_wconf 84' lang='lat' dir='ltr'>prope</span> <span class='ocrx_word' id='word_1_116' title='bbox 964 1063 1152 1105; x_wconf 82' lang='lat' dir='ltr'>Edinburgh</span> <span class='ocrx_word' id='word_1_117' title='bbox 1174 1074 1230 1105; x_wconf 88' lang='lat' dir='ltr'>pro</span> <span class='ocrx_word' id='word_1_118' title='bbox 1246 1073 1307 1095; x_wconf 91' lang='lat' dir='ltr'>vno</span> <span class='ocrx_word' id='word_1_119' title='bbox 1323 1074 1396 1105; x_wconf 88' lang='lat' dir='ltr'>pare</span> <span class='ocrx_word' id='word_1_120' title='bbox 1412 1074 1602 1106; x_wconf 82' lang='lat' dir='ltr'>organorum</span> <span class='ocrx_word' id='word_1_121' title='bbox 1617 1065 1657 1096; x_wconf 84' lang='lat' dir='ltr'>ad</span> <span class='ocrx_word' id='word_1_122' title='bbox 1673 1065 1793 1097; x_wconf 85' lang='lat' dir='ltr'>dictum</span> 
     </span>
     <span class='ocr_line' id='line_1_13' title="bbox 216 1119 1036 1162; baseline -0.002 -10"><span class='ocrx_word' id='word_1_123' title='bbox 216 1120 392 1162; x_wconf 78' lang='lat' dir='ltr'>Collegium</span> <span class='ocrx_word' id='word_1_124' title='bbox 408 1121 446 1152; x_wconf 89' lang='lat' dir='ltr'>de</span> <span class='ocrx_word' id='word_1_125' title='bbox 463 1120 613 1152; x_wconf 90' lang='lat' dir='ltr'>mandato</span> <span class='ocrx_word' id='word_1_126' title='bbox 628 1120 749 1152; x_wconf 87' lang='lat' dir='ltr'>domini</span> <span class='ocrx_word' id='word_1_127' title='bbox 766 1120 879 1162; x_wconf 80' lang='lat' dir='ltr'>Regis.</span> <span class='ocrx_word' id='word_1_128' title='bbox 893 1131 913 1150; x_wconf 88' lang='lat' dir='ltr'>x</span> <span class='ocrx_word' id='word_1_129' title='bbox 929 1144 934 1150; x_wconf 95' lang='lat'>.</span> <span class='ocrx_word' id='word_1_130' title='bbox 948 1119 1036 1151; x_wconf 87' lang='lat' dir='ltr'>libre.</span> 
     </span>
    </p>
   </div>
   <div class='ocr_carea' id='block_1_6' title="bbox 215 1230 1794 1551">
    <p class='ocr_par' dir='ltr' id='par_1_6' title="bbox 216 1230 1793 1327">
     <span class='ocr_line' id='line_1_14' title="bbox 216 1230 1793 1273; baseline -0.001 -9"><span class='ocrx_word' id='word_1_131' title='bbox 216 1232 273 1264; x_wconf 86' lang='lat' dir='ltr'>No.</span> <span class='ocrx_word' id='word_1_132' title='bbox 292 1233 363 1264; x_wconf 79' lang='lat'>261.</span> <span class='ocrx_word' id='word_1_133' title='bbox 647 1232 841 1273; x_wconf 86' lang='lat' dir='ltr'>Computum</span> <span class='ocrx_word' id='word_1_134' title='bbox 859 1257 864 1262; x_wconf 82' lang='grc'>.</span> <span class='ocrx_word' id='word_1_135' title='bbox 885 1256 890 1261; x_wconf 95' lang='grc'>.</span> <span class='ocrx_word' id='word_1_136' title='bbox 910 1256 916 1262; x_wconf 82' lang='lat'><strong>.</strong></span> <span class='ocrx_word' id='word_1_137' title='bbox 935 1255 940 1261; x_wconf 94' lang='lat'>.</span> <span class='ocrx_word' id='word_1_138' title='bbox 959 1230 1125 1272; x_wconf 81' lang='lat' dir='ltr'>receptoris</span> <span class='ocrx_word' id='word_1_139' title='bbox 1137 1230 1301 1262; x_wconf 84' lang='lat' dir='ltr'>firmarum</span> <span class='ocrx_word' id='word_1_140' title='bbox 1319 1254 1326 1261; x_wconf 92' lang='lat'><strong>.</strong></span> <span class='ocrx_word' id='word_1_141' title='bbox 1347 1254 1353 1261; x_wconf 93' lang='lat'><strong><em>.</em></strong></span> <span class='ocrx_word' id='word_1_142' title='bbox 1371 1256 1377 1261; x_wconf 89' lang='lat'>.</span> <span class='ocrx_word' id='word_1_143' title='bbox 1398 1254 1404 1261; x_wconf 95' lang='lat'>.</span> <span class='ocrx_word' id='word_1_144' title='bbox 1422 1230 1505 1263; x_wconf 85' lang='lat' dir='ltr'>infra</span> <span class='ocrx_word' id='word_1_145' title='bbox 1517 1230 1793 1273; x_wconf 76' lang='lat' dir='ltr'>Linlithqwschire</span> 
     </span>
     <span class='ocr_line' id='line_1_15' title="bbox 605 1285 1262 1327; baseline -0.003 -9"><span class='ocrx_word' id='word_1_146' title='bbox 605 1313 609 1318; x_wconf 96' lang='lat'>.</span> <span class='ocrx_word' id='word_1_147' title='bbox 630 1311 637 1318; x_wconf 86' lang='lat'><strong>.</strong></span> <span class='ocrx_word' id='word_1_148' title='bbox 655 1311 663 1318; x_wconf 91' lang='lat'>.</span> <span class='ocrx_word' id='word_1_149' title='bbox 682 1311 689 1318; x_wconf 87' lang='lat'><strong>.</strong></span> <span class='ocrx_word' id='word_1_150' title='bbox 707 1285 896 1327; x_wconf 83' lang='lat' dir='ltr'>Edinbnrgh</span> <span class='ocrx_word' id='word_1_151' title='bbox 912 1286 953 1317; x_wconf 79' lang='lat'>26</span> <span class='ocrx_word' id='word_1_152' title='bbox 970 1285 1052 1317; x_wconf 81' lang='lat' dir='ltr'>Julii</span> <span class='ocrx_word' id='word_1_153' title='bbox 1070 1286 1152 1317; x_wconf 85' lang='lat'>1469</span> <span class='ocrx_word' id='word_1_154' title='bbox 1155 1311 1262 1318; x_wconf 95' lang='grc'><em>.....</em></span> 
     </span>
    </p>

    <p class='ocr_par' dir='ltr' id='par_1_7' title="bbox 215 1341 1794 1551">
     <span class='ocr_line' id='line_1_16' title="bbox 260 1341 1794 1385; baseline -0.001 -10"><span class='ocrx_word' id='word_1_155' title='bbox 260 1344 405 1385; x_wconf 70' lang='lat' dir='ltr'>Expense</span> <span class='ocrx_word' id='word_1_156' title='bbox 422 1369 427 1374; x_wconf 94' lang='lat'>.</span> <span class='ocrx_word' id='word_1_157' title='bbox 447 1368 452 1374; x_wconf 93' lang='lat'>.</span> <span class='ocrx_word' id='word_1_158' title='bbox 473 1367 480 1374; x_wconf 89' lang='lat'>.</span> <span class='ocrx_word' id='word_1_159' title='bbox 500 1367 506 1375; x_wconf 91' lang='lat'><strong>.</strong></span> <span class='ocrx_word' id='word_1_160' title='bbox 524 1343 568 1375; x_wconf 86' lang='lat' dir='ltr'>Et</span> <span class='ocrx_word' id='word_1_161' title='bbox 583 1343 685 1375; x_wconf 88' lang='lat' dir='ltr'>eidem</span> <span class='ocrx_word' id='word_1_162' title='bbox 700 1343 739 1374; x_wconf 87' lang='lat' dir='ltr'>de</span> <span class='ocrx_word' id='word_1_163' title='bbox 753 1342 854 1374; x_wconf 81' lang='lat' dir='ltr'>firmis</span> <span class='ocrx_word' id='word_1_164' title='bbox 870 1346 1023 1373; x_wconf 85' lang='lat' dir='ltr'>terrarum</span> <span class='ocrx_word' id='word_1_165' title='bbox 1039 1341 1078 1372; x_wconf 89' lang='lat' dir='ltr'>de</span> <span class='ocrx_word' id='word_1_166' title='bbox 1091 1341 1260 1372; x_wconf 85' lang='lat' dir='ltr'>Gunstoun</span> <span class='ocrx_word' id='word_1_167' title='bbox 1278 1344 1309 1372; x_wconf 87' lang='lat' dir='ltr'>et</span> <span class='ocrx_word' id='word_1_168' title='bbox 1325 1341 1541 1383; x_wconf 86' lang='lat' dir='ltr'>Mannuellrig</span> <span class='ocrx_word' id='word_1_169' title='bbox 1553 1352 1688 1373; x_wconf 89' lang='lat' dir='ltr'>vnacum</span> <span class='ocrx_word' id='word_1_170' title='bbox 1704 1343 1794 1374; x_wconf 86' lang='lat' dir='ltr'>terris</span> 
     </span>
     <span class='ocr_line' id='line_1_17' title="bbox 215 1396 1793 1440; baseline 0.001 -12"><span class='ocrx_word' id='word_1_171' title='bbox 215 1399 375 1440; x_wconf 80' lang='lat' dir='ltr'>quondam</span> <span class='ocrx_word' id='word_1_172' title='bbox 391 1399 513 1430; x_wconf 84' lang='lat' dir='ltr'>Thome</span> <span class='ocrx_word' id='word_1_173' title='bbox 529 1398 663 1439; x_wconf 84' lang='lat' dir='ltr'>Mulbyn</span> <span class='ocrx_word' id='word_1_174' title='bbox 680 1398 711 1428; x_wconf 90' lang='lat' dir='ltr'>in</span> <span class='ocrx_word' id='word_1_175' title='bbox 730 1398 835 1429; x_wconf 86' lang='lat' dir='ltr'>warda</span> <span class='ocrx_word' id='word_1_176' title='bbox 850 1397 1057 1429; x_wconf 83' lang='lat' dir='ltr'>existencium</span> <span class='ocrx_word' id='word_1_177' title='bbox 1074 1407 1290 1428; x_wconf 82' lang='lat' dir='ltr'>concessarum</span> <span class='ocrx_word' id='word_1_178' title='bbox 1309 1396 1350 1428; x_wconf 89' lang='lat' dir='ltr'>ad</span> <span class='ocrx_word' id='word_1_179' title='bbox 1365 1396 1518 1429; x_wconf 86' lang='lat' dir='ltr'>fabricam</span> <span class='ocrx_word' id='word_1_180' title='bbox 1535 1397 1656 1439; x_wconf 85' lang='lat' dir='ltr'>collegii</span> <span class='ocrx_word' id='word_1_181' title='bbox 1680 1397 1793 1430; x_wconf 83' lang='lat' dir='ltr'>Sancte</span> 
     </span>
     <span class='ocr_line' id='line_1_18' title="bbox 217 1451 1793 1496; baseline 0 -11"><span class='ocrx_word' id='word_1_182' title='bbox 217 1454 384 1486; x_wconf 79' lang='lat' dir='ltr'>Trinitatis</span> <span class='ocrx_word' id='word_1_183' title='bbox 399 1465 494 1496; x_wconf 88' lang='lat' dir='ltr'>prope</span> <span class='ocrx_word' id='word_1_184' title='bbox 509 1453 697 1495; x_wconf 82' lang='lat' dir='ltr'>Edinburgh</span> <span class='ocrx_word' id='word_1_185' title='bbox 713 1453 845 1485; x_wconf 83' lang='lat' dir='ltr'>durante</span> <span class='ocrx_word' id='word_1_186' title='bbox 862 1452 1024 1484; x_wconf 82' lang='lat' dir='ltr'>voluntate</span> <span class='ocrx_word' id='word_1_187' title='bbox 1036 1451 1132 1493; x_wconf 85' lang='lat' dir='ltr'>Regis</span> <span class='ocrx_word' id='word_1_188' title='bbox 1147 1451 1295 1483; x_wconf 82' lang='lat' dir='ltr'>Johanne</span> <span class='ocrx_word' id='word_1_189' title='bbox 1311 1451 1527 1484; x_wconf 83' lang='lat' dir='ltr'>Halkerstoun</span> <span class='ocrx_word' id='word_1_190' title='bbox 1542 1453 1695 1495; x_wconf 87' lang='lat' dir='ltr'>magistro</span> <span class='ocrx_word' id='word_1_191' title='bbox 1710 1453 1793 1485; x_wconf 88' lang='lat' dir='ltr'>dicte</span> 
     </span>
     <span class='ocr_line' id='line_1_19' title="bbox 216 1505 1792 1551; baseline -0.001 -10"><span class='ocrx_word' id='word_1_192' title='bbox 216 1509 331 1541; x_wconf 82' lang='lat' dir='ltr'>fabrice</span> <span class='ocrx_word' id='word_1_193' title='bbox 347 1520 402 1551; x_wconf 88' lang='lat' dir='ltr'>per</span> <span class='ocrx_word' id='word_1_194' title='bbox 417 1520 488 1541; x_wconf 86' lang='lat' dir='ltr'>suas</span> <span class='ocrx_word' id='word_1_195' title='bbox 504 1509 609 1541; x_wconf 80' lang='lat' dir='ltr'>literas</span> <span class='ocrx_word' id='word_1_196' title='bbox 631 1509 750 1541; x_wconf 84' lang='lat' dir='ltr'>fatente</span> <span class='ocrx_word' id='word_1_197' title='bbox 773 1513 933 1549; x_wconf 86' lang='lat' dir='ltr'>receptum</span> <span class='ocrx_word' id='word_1_198' title='bbox 949 1507 988 1538; x_wconf 91' lang='lat' dir='ltr'>de</span> <span class='ocrx_word' id='word_1_199' title='bbox 1008 1506 1107 1538; x_wconf 84' lang='lat' dir='ltr'>firmis</span> <span class='ocrx_word' id='word_1_200' title='bbox 1130 1505 1169 1537; x_wconf 87' lang='lat' dir='ltr'>de</span> <span class='ocrx_word' id='word_1_201' title='bbox 1185 1506 1368 1538; x_wconf 85' lang='lat' dir='ltr'>Gunistoun</span> <span class='ocrx_word' id='word_1_202' title='bbox 1385 1506 1423 1538; x_wconf 83' lang='lat' dir='ltr'>de</span> <span class='ocrx_word' id='word_1_203' title='bbox 1438 1518 1521 1539; x_wconf 83' lang='lat' dir='ltr'>anno</span> <span class='ocrx_word' id='word_1_204' title='bbox 1537 1508 1678 1550; x_wconf 86' lang='lat' dir='ltr'>computi</span> <span class='ocrx_word' id='word_1_205' title='bbox 1693 1508 1749 1540; x_wconf 80' lang='lat' dir='ltr'>xiii</span> <span class='ocrx_word' id='word_1_206' title='bbox 1759 1509 1792 1540; x_wconf 89' lang='lat' dir='ltr'>li.</span> 
     </span>
    </p>
   </div>
   <div class='ocr_carea' id='block_1_7' title="bbox 217 1565 392 1597">
    <p class='ocr_par' dir='ltr' id='par_1_8' title="bbox 217 1565 392 1597">
     <span class='ocr_line' id='line_1_20' title="bbox 217 1565 392 1597; baseline 0 -1"><span class='ocrx_word' id='word_1_207' title='bbox 217 1565 280 1597; x_wconf 84' lang='lat' dir='ltr'>vis.</span> <span class='ocrx_word' id='word_1_208' title='bbox 298 1565 353 1596; x_wconf 91' lang='lat' dir='ltr'>viii</span> <span class='ocrx_word' id='word_1_209' title='bbox 363 1565 392 1597; x_wconf 93' lang='lat' dir='ltr'>d.</span> 
     </span>
    </p>
   </div>
   <div class='ocr_carea' id='block_1_8' title="bbox 215 1671 1792 1928">
    <p class='ocr_par' dir='ltr' id='par_1_9' title="bbox 215 1671 1792 1928">
     <span class='ocr_line' id='line_1_21' title="bbox 216 1671 1792 1716; baseline -0.001 -10"><span class='ocrx_word' id='word_1_210' title='bbox 216 1676 275 1708; x_wconf 73' lang='lat' dir='ltr'>No,</span> <span class='ocrx_word' id='word_1_211' title='bbox 292 1676 366 1708; x_wconf 72' lang='lat'>⁶263.</span> <span class='ocrx_word' id='word_1_212' title='bbox 649 1674 845 1716; x_wconf 85' lang='lat' dir='ltr'>Computum</span> <span class='ocrx_word' id='word_1_213' title='bbox 869 1672 1024 1704; x_wconf 88' lang='lat' dir='ltr'>Willelmi</span> <span class='ocrx_word' id='word_1_214' title='bbox 1049 1671 1169 1704; x_wconf 89' lang='lat' dir='ltr'>domini</span> <span class='ocrx_word' id='word_1_215' title='bbox 1194 1672 1391 1704; x_wconf 84' lang='lat' dir='ltr'>Crechtoune</span> <span class='ocrx_word' id='word_1_216' title='bbox 1415 1673 1605 1705; x_wconf 85' lang='lat' dir='ltr'>vicecomitis</span> <span class='ocrx_word' id='word_1_217' title='bbox 1631 1674 1670 1705; x_wconf 87' lang='lat' dir='ltr'>de</span> <span class='ocrx_word' id='word_1_218' title='bbox 1694 1674 1792 1706; x_wconf 85' lang='lat' dir='ltr'>Edin-</span> 
     </span>
     <span class='ocr_line' id='line_1_22' title="bbox 602 1727 1260 1771; baseline -0.003 -10"><span class='ocrx_word' id='word_1_219' title='bbox 602 1729 705 1771; x_wconf 85' lang='lat' dir='ltr'>burgh</span> <span class='ocrx_word' id='word_1_220' title='bbox 721 1729 880 1760; x_wconf 86' lang='lat' dir='ltr'>redditum</span> <span class='ocrx_word' id='word_1_221' title='bbox 897 1728 1014 1760; x_wconf 84' lang='lat' dir='ltr'>ibidem</span> <span class='ocrx_word' id='word_1_222' title='bbox 1031 1729 1050 1760; x_wconf 86' lang='lat'><strong>3</strong></span> <span class='ocrx_word' id='word_1_223' title='bbox 1067 1728 1089 1759; x_wconf 84' lang='lat' dir='ltr'><strong>J</strong></span> <span class='ocrx_word' id='word_1_224' title='bbox 1093 1727 1149 1759; x_wconf 91' lang='lat' dir='ltr'>ulii</span> <span class='ocrx_word' id='word_1_225' title='bbox 1167 1728 1260 1760; x_wconf 82' lang='lat'>1471.</span> 
     </span>
     <span class='ocr_line' id='line_1_23' title="bbox 258 1782 1790 1826; baseline -0.001 -9"><span class='ocrx_word' id='word_1_226' title='bbox 258 1812 266 1818; x_wconf 87' lang='lat'><strong><em>.</em></strong></span> <span class='ocrx_word' id='word_1_227' title='bbox 288 1811 294 1817; x_wconf 90' lang='lat'>.</span> <span class='ocrx_word' id='word_1_228' title='bbox 313 1813 317 1817; x_wconf 76' lang='grc'>,</span> <span class='ocrx_word' id='word_1_229' title='bbox 338 1812 343 1817; x_wconf 91' lang='grc'><em>.</em></span> <span class='ocrx_word' id='word_1_230' title='bbox 362 1784 604 1817; x_wconf 87' lang='lat' dir='ltr'>Memorandum</span> <span class='ocrx_word' id='word_1_231' title='bbox 627 1785 711 1826; x_wconf 85' lang='lat' dir='ltr'>quod</span> <span class='ocrx_word' id='word_1_232' title='bbox 737 1787 924 1826; x_wconf 77' lang='lat' dir='ltr'>computans</span> <span class='ocrx_word' id='word_1_233' title='bbox 945 1795 1006 1816; x_wconf 91' lang='lat' dir='ltr'>non</span> <span class='ocrx_word' id='word_1_234' title='bbox 1031 1786 1179 1814; x_wconf 83' lang='lat' dir='ltr'>oneratur</span> <span class='ocrx_word' id='word_1_235' title='bbox 1195 1805 1203 1813; x_wconf 87' lang='lat'><strong>.</strong></span> <span class='ocrx_word' id='word_1_236' title='bbox 1222 1807 1228 1813; x_wconf 89' lang='lat'>.</span> <span class='ocrx_word' id='word_1_237' title='bbox 1248 1806 1255 1813; x_wconf 95' lang='lat'><strong>.</strong></span> <span class='ocrx_word' id='word_1_238' title='bbox 1274 1808 1279 1813; x_wconf 90' lang='lat'>.</span> <span class='ocrx_word' id='word_1_239' title='bbox 1297 1782 1336 1814; x_wconf 89' lang='lat' dir='ltr'>de</span> <span class='ocrx_word' id='word_1_240' title='bbox 1358 1782 1458 1814; x_wconf 90' lang='lat' dir='ltr'>firmis</span> <span class='ocrx_word' id='word_1_241' title='bbox 1480 1786 1633 1814; x_wconf 84' lang='lat' dir='ltr'>terrarum</span> <span class='ocrx_word' id='word_1_242' title='bbox 1657 1783 1696 1815; x_wconf 89' lang='lat' dir='ltr'>de</span> <span class='ocrx_word' id='word_1_243' title='bbox 1718 1783 1790 1816; x_wconf 88' lang='lat' dir='ltr'>Bol-</span> 
     </span>
     <span class='ocr_line' id='line_1_24' title="bbox 215 1837 1791 1883; baseline -0.002 -10"><span class='ocrx_word' id='word_1_244' title='bbox 215 1846 310 1873; x_wconf 86' lang='lat' dir='ltr'>toune</span> <span class='ocrx_word' id='word_1_245' title='bbox 326 1841 400 1883; x_wconf 89' lang='lat' dir='ltr'>quia</span> <span class='ocrx_word' id='word_1_246' title='bbox 423 1840 624 1882; x_wconf 74' lang='lat' dir='ltr'>assignantur</span> <span class='ocrx_word' id='word_1_247' title='bbox 644 1840 683 1872; x_wconf 87' lang='lat' dir='ltr'>ad</span> <span class='ocrx_word' id='word_1_248' title='bbox 708 1839 859 1871; x_wconf 86' lang='lat' dir='ltr'>fabricam</span> <span class='ocrx_word' id='word_1_249' title='bbox 883 1838 1006 1880; x_wconf 86' lang='lat' dir='ltr'>collegii</span> <span class='ocrx_word' id='word_1_250' title='bbox 1023 1838 1140 1871; x_wconf 86' lang='lat' dir='ltr'>Sancte</span> <span class='ocrx_word' id='word_1_251' title='bbox 1155 1837 1321 1870; x_wconf 86' lang='lat' dir='ltr'>Trinitatis</span> <span class='ocrx_word' id='word_1_252' title='bbox 1343 1848 1439 1879; x_wconf 85' lang='lat' dir='ltr'>prope</span> <span class='ocrx_word' id='word_1_253' title='bbox 1455 1837 1642 1879; x_wconf 81' lang='lat' dir='ltr'>Edinburgh</span> <span class='ocrx_word' id='word_1_254' title='bbox 1657 1838 1791 1870; x_wconf 88' lang='lat' dir='ltr'>durante</span> 
     </span>
     <span class='ocr_line' id='line_1_25' title="bbox 216 1896 640 1928; baseline -0.005 0"><span class='ocrx_word' id='word_1_255' title='bbox 216 1897 377 1928; x_wconf 86' lang='lat' dir='ltr'>voluntate</span> <span class='ocrx_word' id='word_1_256' title='bbox 393 1896 530 1928; x_wconf 88' lang='lat' dir='ltr'>eiusdem</span> <span class='ocrx_word' id='word_1_257' title='bbox 535 1920 640 1928; x_wconf 88' lang='grc'><strong><em>.....</em></strong></span> 
     </span>
    </p>
   </div>
   <div class='ocr_carea' id='block_1_9' title="bbox 216 2004 1790 2436">
    <p class='ocr_par' dir='ltr' id='par_1_10' title="bbox 216 2004 1790 2103">
     <span class='ocr_line' id='line_1_26' title="bbox 216 2004 1790 2047; baseline -0.001 -8"><span class='ocrx_word' id='word_1_258' title='bbox 216 2008 274 2040; x_wconf 90' lang='lat' dir='ltr'>No.</span> <span class='ocrx_word' id='word_1_259' title='bbox 292 2008 366 2041; x_wconf 84' lang='lat'><strong>278.</strong></span> <span class='ocrx_word' id='word_1_260' title='bbox 649 2006 841 2047; x_wconf 86' lang='lat' dir='ltr'>Compotum</span> <span class='ocrx_word' id='word_1_261' title='bbox 869 2005 1033 2046; x_wconf 83' lang='lat' dir='ltr'>receptoris</span> <span class='ocrx_word' id='word_1_262' title='bbox 1061 2005 1222 2036; x_wconf 85' lang='lat' dir='ltr'>firmarum</span> <span class='ocrx_word' id='word_1_263' title='bbox 1251 2006 1282 2035; x_wconf 90' lang='lat' dir='ltr'>et</span> <span class='ocrx_word' id='word_1_264' title='bbox 1304 2014 1475 2045; x_wconf 85' lang='lat' dir='ltr'>granorum</span> <span class='ocrx_word' id='word_1_265' title='bbox 1501 2004 1539 2036; x_wconf 87' lang='lat' dir='ltr'>de</span> <span class='ocrx_word' id='word_1_266' title='bbox 1562 2004 1790 2046; x_wconf 87' lang='lat' dir='ltr'>Lithqwschire</span> 
     </span>
     <span class='ocr_line' id='line_1_27' title="bbox 605 2058 1562 2103; baseline -0.001 -10"><span class='ocrx_word' id='word_1_267' title='bbox 605 2060 817 2103; x_wconf 85' lang='lat' dir='ltr'>spectancium</span> <span class='ocrx_word' id='word_1_268' title='bbox 835 2060 962 2091; x_wconf 85' lang='lat' dir='ltr'>domino</span> <span class='ocrx_word' id='word_1_269' title='bbox 978 2059 1058 2101; x_wconf 86' lang='lat' dir='ltr'>Regi</span> <span class='ocrx_word' id='word_1_270' title='bbox 1075 2061 1093 2091; x_wconf 88' lang='lat'>6</span> <span class='ocrx_word' id='word_1_271' title='bbox 1110 2059 1192 2091; x_wconf 81' lang='lat' dir='ltr'>Julii</span> <span class='ocrx_word' id='word_1_272' title='bbox 1209 2059 1356 2092; x_wconf 84' lang='lat'>1479—5</span> <span class='ocrx_word' id='word_1_273' title='bbox 1372 2058 1394 2090; x_wconf 80' lang='lat' dir='ltr'>J</span> <span class='ocrx_word' id='word_1_274' title='bbox 1397 2059 1453 2090; x_wconf 89' lang='lat' dir='ltr'>ulii</span> <span class='ocrx_word' id='word_1_275' title='bbox 1471 2060 1562 2092; x_wconf 86' lang='lat'>1480.</span> 
     </span>
    </p>

    <p class='ocr_par' dir='ltr' id='par_1_11' title="bbox 216 2114 1789 2436">
     <span class='ocr_line' id='line_1_28' title="bbox 260 2114 1789 2161; baseline -0.003 -10"><span class='ocrx_word' id='word_1_276' title='bbox 260 2119 406 2161; x_wconf 84' lang='lat' dir='ltr'>Expense</span> <span class='ocrx_word' id='word_1_277' title='bbox 423 2141 430 2149; x_wconf 91' lang='lat'>.</span> <span class='ocrx_word' id='word_1_278' title='bbox 449 2142 456 2149; x_wconf 93' lang='lat'><strong><em>.</em></strong></span> <span class='ocrx_word' id='word_1_279' title='bbox 474 2143 480 2149; x_wconf 89' lang='lat'>.</span> <span class='ocrx_word' id='word_1_280' title='bbox 499 2141 506 2148; x_wconf 88' lang='lat'><strong>.</strong></span> <span class='ocrx_word' id='word_1_281' title='bbox 524 2117 567 2149; x_wconf 86' lang='lat' dir='ltr'>Et</span> <span class='ocrx_word' id='word_1_282' title='bbox 582 2127 645 2148; x_wconf 90' lang='lat' dir='ltr'>non</span> <span class='ocrx_word' id='word_1_283' title='bbox 661 2118 770 2148; x_wconf 82' lang='lat' dir='ltr'>onerat</span> <span class='ocrx_word' id='word_1_284' title='bbox 785 2125 817 2147; x_wconf 86' lang='lat' dir='ltr'>se</span> <span class='ocrx_word' id='word_1_285' title='bbox 833 2115 871 2146; x_wconf 89' lang='lat' dir='ltr'>de</span> <span class='ocrx_word' id='word_1_286' title='bbox 887 2114 985 2146; x_wconf 86' lang='lat' dir='ltr'>firmis</span> <span class='ocrx_word' id='word_1_287' title='bbox 1000 2119 1155 2146; x_wconf 84' lang='lat' dir='ltr'>terrarum</span> <span class='ocrx_word' id='word_1_288' title='bbox 1171 2114 1210 2146; x_wconf 89' lang='lat' dir='ltr'>de</span> <span class='ocrx_word' id='word_1_289' title='bbox 1222 2114 1404 2146; x_wconf 85' lang='lat' dir='ltr'>Gunistoun</span> <span class='ocrx_word' id='word_1_290' title='bbox 1417 2114 1635 2146; x_wconf 86' lang='lat' dir='ltr'>Crovnarland</span> <span class='ocrx_word' id='word_1_291' title='bbox 1651 2117 1682 2147; x_wconf 83' lang='lat' dir='ltr'>et</span> <span class='ocrx_word' id='word_1_292' title='bbox 1697 2116 1789 2147; x_wconf 89' lang='lat' dir='ltr'>Man-</span> 
     </span>
     <span class='ocr_line' id='line_1_29' title="bbox 217 2169 1788 2215; baseline -0.002 -9"><span class='ocrx_word' id='word_1_293' title='bbox 217 2174 323 2215; x_wconf 85' lang='lat' dir='ltr'>welrig</span> <span class='ocrx_word' id='word_1_294' title='bbox 335 2184 396 2215; x_wconf 88' lang='lat' dir='ltr'>que</span> <span class='ocrx_word' id='word_1_295' title='bbox 407 2173 556 2205; x_wconf 85' lang='lat' dir='ltr'>dicuntur</span> <span class='ocrx_word' id='word_1_296' title='bbox 568 2172 671 2204; x_wconf 82' lang='lat' dir='ltr'>valere</span> <span class='ocrx_word' id='word_1_297' title='bbox 682 2171 717 2203; x_wconf 87' lang='lat' dir='ltr'>in</span> <span class='ocrx_word' id='word_1_298' title='bbox 728 2180 811 2202; x_wconf 90' lang='lat' dir='ltr'>anno</span> <span class='ocrx_word' id='word_1_299' title='bbox 823 2169 937 2211; x_wconf 86' lang='lat' dir='ltr'>viginti</span> <span class='ocrx_word' id='word_1_300' title='bbox 950 2169 1044 2201; x_wconf 83' lang='lat' dir='ltr'>libras</span> <span class='ocrx_word' id='word_1_301' title='bbox 1057 2170 1132 2212; x_wconf 89' lang='lat' dir='ltr'>quia</span> <span class='ocrx_word' id='word_1_302' title='bbox 1144 2180 1207 2201; x_wconf 91' lang='lat' dir='ltr'>non</span> <span class='ocrx_word' id='word_1_303' title='bbox 1222 2169 1334 2201; x_wconf 88' lang='lat' dir='ltr'>habuit</span> <span class='ocrx_word' id='word_1_304' title='bbox 1347 2169 1379 2200; x_wconf 91' lang='lat' dir='ltr'>in</span> <span class='ocrx_word' id='word_1_305' title='bbox 1392 2169 1551 2202; x_wconf 87' lang='lat' dir='ltr'>mandatis</span> <span class='ocrx_word' id='word_1_306' title='bbox 1566 2170 1670 2202; x_wconf 89' lang='lat' dir='ltr'>leuare</span> <span class='ocrx_word' id='word_1_307' title='bbox 1682 2171 1788 2203; x_wconf 85' lang='lat' dir='ltr'>firmas</span> 
     </span>
     <span class='ocr_line' id='line_1_30' title="bbox 216 2224 1788 2266; baseline -0.002 -5"><span class='ocrx_word' id='word_1_308' title='bbox 216 2229 385 2261; x_wconf 83' lang='lat' dir='ltr'>earundem</span> <span class='ocrx_word' id='word_1_309' title='bbox 416 2232 447 2261; x_wconf 84' lang='lat' dir='ltr'>et</span> <span class='ocrx_word' id='word_1_310' title='bbox 475 2228 584 2260; x_wconf 85' lang='lat' dir='ltr'>asserit</span> <span class='ocrx_word' id='word_1_311' title='bbox 608 2227 790 2259; x_wconf 87' lang='lat' dir='ltr'>Walterum</span> <span class='ocrx_word' id='word_1_312' title='bbox 813 2226 951 2266; x_wconf 84' lang='lat' dir='ltr'>Ramsay</span> <span class='ocrx_word' id='word_1_313' title='bbox 973 2225 1012 2256; x_wconf 87' lang='lat' dir='ltr'>de</span> <span class='ocrx_word' id='word_1_314' title='bbox 1036 2225 1171 2256; x_wconf 86' lang='lat' dir='ltr'>Dunone</span> <span class='ocrx_word' id='word_1_315' title='bbox 1201 2228 1233 2256; x_wconf 86' lang='lat' dir='ltr'>et</span> <span class='ocrx_word' id='word_1_316' title='bbox 1262 2224 1428 2256; x_wconf 88' lang='lat' dir='ltr'>dominum</span> <span class='ocrx_word' id='word_1_317' title='bbox 1456 2225 1648 2257; x_wconf 85' lang='lat' dir='ltr'>Edwardum</span> <span class='ocrx_word' id='word_1_318' title='bbox 1672 2225 1788 2259; x_wconf 88' lang='lat' dir='ltr'>Boncle</span> 
     </span>
     <span class='ocr_line' id='line_1_31' title="bbox 217 2279 1788 2326; baseline -0.002 -10"><span class='ocrx_word' id='word_1_319' title='bbox 217 2284 409 2326; x_wconf 87' lang='lat' dir='ltr'>prepositum</span> <span class='ocrx_word' id='word_1_320' title='bbox 425 2282 548 2325; x_wconf 86' lang='lat' dir='ltr'>collegii</span> <span class='ocrx_word' id='word_1_321' title='bbox 564 2282 678 2315; x_wconf 86' lang='lat' dir='ltr'>Sancte</span> <span class='ocrx_word' id='word_1_322' title='bbox 693 2280 860 2313; x_wconf 85' lang='lat' dir='ltr'>Trinitatis</span> <span class='ocrx_word' id='word_1_323' title='bbox 876 2280 981 2312; x_wconf 82' lang='lat' dir='ltr'>leuare</span> <span class='ocrx_word' id='word_1_324' title='bbox 993 2280 1101 2312; x_wconf 79' lang='lat' dir='ltr'>firmas</span> <span class='ocrx_word' id='word_1_325' title='bbox 1117 2280 1287 2312; x_wconf 88' lang='lat' dir='ltr'>earundem</span> <span class='ocrx_word' id='word_1_326' title='bbox 1303 2290 1342 2311; x_wconf 83' lang='lat' dir='ltr'>ex</span> <span class='ocrx_word' id='word_1_327' title='bbox 1357 2279 1542 2312; x_wconf 83' lang='lat' dir='ltr'>tollerancia</span> <span class='ocrx_word' id='word_1_328' title='bbox 1556 2280 1678 2312; x_wconf 85' lang='lat' dir='ltr'>domini</span> <span class='ocrx_word' id='word_1_329' title='bbox 1693 2281 1788 2323; x_wconf 84' lang='lat' dir='ltr'>Regis</span> 
     </span>
     <span class='ocr_line' id='line_1_32' title="bbox 217 2334 1788 2380; baseline -0.003 -8"><span class='ocrx_word' id='word_1_330' title='bbox 217 2340 300 2371; x_wconf 84' lang='lat' dir='ltr'>sicut</span> <span class='ocrx_word' id='word_1_331' title='bbox 321 2339 463 2372; x_wconf 88' lang='lat' dir='ltr'>fecerunt</span> <span class='ocrx_word' id='word_1_332' title='bbox 485 2349 540 2380; x_wconf 91' lang='lat' dir='ltr'>per</span> <span class='ocrx_word' id='word_1_333' title='bbox 563 2348 676 2370; x_wconf 88' lang='lat' dir='ltr'>nouem</span> <span class='ocrx_word' id='word_1_334' title='bbox 703 2347 801 2369; x_wconf 87' lang='lat' dir='ltr'>annos</span> <span class='ocrx_word' id='word_1_335' title='bbox 823 2336 943 2377; x_wconf 85' lang='lat' dir='ltr'>elapsos</span> <span class='ocrx_word' id='word_1_336' title='bbox 965 2345 1058 2376; x_wconf 83' lang='lat' dir='ltr'>super</span> <span class='ocrx_word' id='word_1_337' title='bbox 1080 2334 1194 2376; x_wconf 86' lang='lat' dir='ltr'>quibus</span> <span class='ocrx_word' id='word_1_338' title='bbox 1216 2334 1426 2367; x_wconf 87' lang='lat' dir='ltr'>consulendus</span> <span class='ocrx_word' id='word_1_339' title='bbox 1448 2338 1494 2368; x_wconf 83' lang='lat' dir='ltr'>est</span> <span class='ocrx_word' id='word_1_340' title='bbox 1509 2335 1586 2367; x_wconf 87' lang='lat' dir='ltr'>Rex.</span> <span class='ocrx_word' id='word_1_341' title='bbox 1633 2336 1677 2367; x_wconf 90' lang='lat' dir='ltr'>Et</span> <span class='ocrx_word' id='word_1_342' title='bbox 1700 2347 1788 2368; x_wconf 90' lang='lat' dir='ltr'>man-</span> 
     </span>
     <span class='ocr_line' id='line_1_33' title="bbox 218 2390 1788 2436; baseline -0.001 -10"><span class='ocrx_word' id='word_1_343' title='bbox 218 2395 311 2427; x_wconf 84' lang='lat' dir='ltr'>datur</span> <span class='ocrx_word' id='word_1_344' title='bbox 333 2394 529 2436; x_wconf 86' lang='lat' dir='ltr'>computanti</span> <span class='ocrx_word' id='word_1_345' title='bbox 551 2393 701 2435; x_wconf 87' lang='lat' dir='ltr'>quatinus</span> <span class='ocrx_word' id='word_1_346' title='bbox 723 2391 897 2434; x_wconf 86' lang='lat' dir='ltr'>deligenter</span> <span class='ocrx_word' id='word_1_347' title='bbox 919 2390 1058 2432; x_wconf 84' lang='lat' dir='ltr'>requirat</span> <span class='ocrx_word' id='word_1_348' title='bbox 1080 2390 1119 2422; x_wconf 85' lang='lat' dir='ltr'>de</span> <span class='ocrx_word' id='word_1_349' title='bbox 1141 2390 1244 2423; x_wconf 84' lang='lat' dir='ltr'>valore</span> <span class='ocrx_word' id='word_1_350' title='bbox 1266 2390 1423 2423; x_wconf 81' lang='lat' dir='ltr'>dictarum</span> <span class='ocrx_word' id='word_1_351' title='bbox 1446 2394 1599 2423; x_wconf 83' lang='lat' dir='ltr'>terrarum</span> <span class='ocrx_word' id='word_1_352' title='bbox 1621 2396 1653 2423; x_wconf 84' lang='lat' dir='ltr'>et</span> <span class='ocrx_word' id='word_1_353' title='bbox 1668 2393 1722 2434; x_wconf 92' lang='lat' dir='ltr'>qui</span> <span class='ocrx_word' id='word_1_354' title='bbox 1737 2404 1788 2425; x_wconf 86' lang='lat' dir='ltr'>eas</span> 
     </span>
    </p>
   </div>
   <div class='ocr_carea' id='block_1_10' title="bbox 220 2449 393 2491">
    <p class='ocr_par' dir='ltr' id='par_1_12' title="bbox 220 2449 393 2491">
     <span class='ocr_line' id='line_1_34' title="bbox 220 2449 393 2491; baseline 0 -10"><span class='ocrx_word' id='word_1_355' title='bbox 220 2449 393 2491; x_wconf 79' lang='lat' dir='ltr'>occupauit.</span> 
     </span>
    </p>
   </div>
  </div>
 </body>
</html>
