2147 2964
365 284 436 317 204
668 282 985 320 REGISTRUM
1012 282 1271 320 ECCLESIE
1298 282 1643 321 COLLEGIATE

365 380 450 416 dieti
478 380 648 429 prepositi
677 389 714 418 ct
740 382 779 418 in
807 382 883 418 eius
908 382 1100 430 presencia
1126 383 1224 419 infra
1251 382 1474 419 mansionem
1503 383 1588 419 dieti
1610 384 1783 432 prepositi
1807 384 1948 420 decimo

365 449 424 484 die
443 449 531 485 disti
549 449 717 486 instantis
736 452 867 486 mensis
885 451 1026 500 Aprilis
1045 451 1190 500 prolata
1209 457 1245 488 et
1263 458 1477 499 perpetrata
1494 472 1501 479 ·
1522 458 1558 488 et
1577 452 1729 489 vlterius
1750 453 1797 489 ad
1815 452 1951 488 instan-

315 544 317 546 -
365 517 459 554 ciam
479 518 566 553 diffi
591 518 763 568 prepositi
791 519 1050 568 responsurum
1078 525 1114 556 et
1141 520 1213 555 iuri
1240 520 1446 568 pariturum
1472 520 1535 557 sub
1553 534 1651 569 pena
1668 521 1904 570 suspensionis
1926 534 1947 556 a

368 586 480 622 choro
500 587 594 623 diste
622 588 817 636 collegiate
838 588 989 625 ecclesie
1009 595 1045 625 et
1071 589 1153 624 aliis
1180 594 1290 636 prout
1316 589 1406 624 iuris
1425 589 1537 625 fuerit
1556 595 1592 625 et
1610 590 1770 626 racionis
1789 611 1796 618 -
1816 596 1852 626 et
1870 602 1951 637 pre-

369 657 486 692 sentes
505 669 571 704 per
591 669 654 692 vos
673 657 796 693 debite
825 663 996 694 executas
1023 658 1128 693 nobis
1155 658 1377 694 remittendo
1397 679 1404 686 ·
1422 657 1563 693 Datum
1590 659 1653 694 sub
1681 658 1805 694 nostro
1831 658 1949 706 sigillo

369 725 552 761 communi
572 726 670 773 apud
689 726 827 761 dictum
847 725 1010 762 nostrum
1033 726 1230 774 collegium
1250 726 1443 762 vndecimo
1463 726 1521 762 die
1541 725 1671 762 mensis
1690 727 1832 775 Aprilis
1852 739 1948 762 anno

367 794 520 830 Domini
550 794 738 830 millesimo
766 794 1056 843 quingentesimo
1077 794 1248 843 vigesimo
1268 794 1367 830 sexto
1387 816 1394 824 ·
1417 794 1736 843 Quarumquidem
1755 795 1947 831 literarum

368 863 493 911 vigore
513 862 631 898 di&us
651 862 819 898 dominus
838 862 1002 898 Jacobus
1022 862 1170 911 Waudy
1189 863 1296 911 super
1320 864 1464 911 punStis
1492 869 1528 900 et
1555 864 1721 900 articulis
1748 864 1786 899 in
1814 864 1948 900 eisdem

368 932 549 967 contentis
579 931 849 979 calumpniatus
881 937 917 967 et
948 930 1142 978 requisitus
1174 930 1351 967 confessus
1383 932 1436 967 est
1468 931 1501 968 sc
1529 932 1653 967 omnia
1680 938 1716 967 et
1744 932 1883 980 singula
1910 932 1948 966 in

369 999 501 1035 eisdem
529 999 645 1035 literis
673 1005 848 1036 contenta
877 999 1113 1047 vilipendiose
1141 1006 1177 1036 et
1204 999 1376 1036 iniuriose
1405 1012 1448 1035 ac
1474 1005 1611 1035 temere
1630 999 1751 1035 fecisse
1769 1005 1804 1035 et
1824 1000 1948 1035 dixisse

370 1073 592 1116 quapropter
611 1068 743 1104 obtulit
764 1067 797 1103 se
816 1068 888 1104 fide
908 1068 994 1104 data
1019 1069 1114 1104 stare
1135 1069 1284 1104 decreto
1312 1069 1544 1104 ordinacioni
1563 1074 1599 1104 et
1616 1070 1789 1105 mandato
1808 1069 1948 1117 predic-

369 1143 490 1173 torum
513 1136 688 1184 prepositi
715 1141 751 1171 et
771 1136 922 1184 capituli
943 1156 949 1163 -
971 1135 1112 1179 Quibus
1132 1150 1219 1173 vero
1245 1135 1427 1185 preposito
1452 1143 1488 1173 et
1516 1137 1677 1184 capitulo
1706 1150 1788 1173 cum
1817 1138 1949 1173 eisdem

368 1204 485 1240 literis
505 1210 541 1240 et
559 1204 773 1252 quibusdam
801 1205 944 1240 statutis
970 1205 1112 1252 prefate
1141 1205 1335 1253 collegiate
1363 1205 1513 1240 ecclesie
1533 1211 1664 1241 contra
1682 1205 1819 1241 diffluxi
1838 1206 1951 1241 domi-

369 1287 458 1309 num
477 1273 659 1310 Jacobum
679 1274 768 1309 alias
787 1286 854 1321 pro
874 1274 944 1309 suis
964 1274 1174 1310 enormibus
1200 1273 1423 1322 perpetratis
1443 1272 1617 1309 videlicet
1636 1273 1722 1308 xxvi
1742 1273 1800 1309 die
1819 1274 1950 1310 mensis

372 1342 542 1379 Ofitobris
571 1355 667 1378 anno
688 1341 843 1378 Domini
870 1341 1060 1377 millesimo
1088 1341 1378 1390 quingentesimo
1406 1340 1578 1389 vigesimo
1605 1342 1725 1389 primo
1753 1347 1789 1378 et
1808 1342 1951 1378 decimo

369 1423 467 1446 nono
504 1411 563 1446 die
598 1409 729 1445 mensis
764 1409 856 1446 Julii
894 1422 990 1445 anno
1026 1409 1180 1446 Domini
1223 1409 1414 1446 millesimo
1450 1410 1742 1459 quingentesimo
1778 1411 1951 1459 vigesimo

370 1479 530 1515 secundo
559 1478 715 1514 conditis
744 1479 919 1515 confefitis
947 1479 1054 1515 editis
1081 1479 1223 1515 rimatis
1251 1485 1286 1515 et
1314 1478 1553 1515 consideratis
1573 1486 1611 1516 vt
1630 1479 1666 1515 in
1687 1479 1782 1516 libro
1802 1480 1950 1516 statuto-

368 1561 449 1584 rum
471 1548 556 1583 dieti
585 1547 733 1596 collegii
758 1548 928 1583 manibus
954 1548 1127 1596 prepositi
1155 1555 1191 1585 et
1217 1549 1547 1596 prebendariorum
1574 1562 1642 1597 pro
1670 1555 1834 1597 tempore
1862 1550 1951 1586 exis-

370 1616 525 1653 tentium
554 1615 761 1664 subscriptis
788 1616 896 1652 latius
924 1616 1136 1653 continetur
1162 1626 1306 1653 mature
1334 1617 1481 1653 auisatis
1500 1637 1508 1645 ·
1530 1618 1568 1653 in
1596 1617 1727 1666 quibus
1754 1618 1852 1655 inter
1879 1619 1951 1655 alia

371 1691 522 1721 cauetur
542 1685 641 1732 quod
660 1684 684 1719 fi
704 1685 838 1720 dietum
859 1685 1049 1721 dominum
1068 1685 1250 1722 Jacobum
1268 1685 1348 1734 post
1366 1686 1488 1722 datam
1508 1685 1714 1722 huiusmodi
1732 1687 1948 1723 statutorum

370 1753 593 1802 prepositum
614 1759 677 1789 aut
696 1753 900 1789 confratres
921 1753 1013 1788 dieue
1041 1753 1191 1790 ecclesie
1219 1754 1413 1802 collegiate
1439 1755 1498 1790 seu
1526 1754 1685 1802 ipsorum
1704 1755 1862 1802 aliquem
1881 1768 1948 1802 pro

372 1829 537 1870 tempore
567 1822 763 1858 existentes
796 1822 1055 1869 quoquomodo
1087 1822 1208 1858 verbis
1239 1829 1302 1859 aut
1326 1823 1431 1858 saetis
1459 1823 1567 1871 culpa
1592 1823 1656 1859 sua
1681 1824 1858 1860 iniuriare
1885 1831 1947 1860 aut

372 1891 565 1940 displicere
585 1891 775 1939 contingat
794 1896 974 1939 quatenus
998 1903 1095 1939 pena
1113 1889 1275 1937 quinque
1302 1902 1509 1926 marcarum
1529 1889 1661 1926 vsualis
1677 1896 1823 1926 monete
1841 1891 1948 1939 regni

375 1959 505 1997 Scocie
524 1959 699 2007 prediffls
726 1959 868 1995 statutis
895 1959 1043 1995 nomine
1069 1972 1164 2006 pene
1191 1958 1390 2007 expressata
1417 1959 1463 1994 ad
1488 1959 1615 1995 decem
1640 1971 1781 1995 marcas
1805 1959 1947 2007 prefate

371 2034 519 2064 monete
546 2027 694 2063 multari
725 2047 732 2054 ·
765 2034 987 2076 quapropter
1014 2027 1149 2063 diffitum
1180 2026 1366 2062 dominum
1398 2027 1581 2063 Jacobum
1610 2027 1840 2063 causantibus
1866 2040 1948 2074 pre-

373 2096 482 2132 missis
513 2096 551 2131 in
582 2096 727 2144 prefata
756 2096 895 2131 summa
926 2096 1054 2131 decem
1083 2107 1290 2131 marcarum
1321 2095 1521 2131 secundum
1550 2101 1715 2131 tenorem
1742 2095 1946 2131 huiusmodi

373 2163 588 2198 statutorum
615 2162 958 2210 condempnandum
986 2162 1065 2198 fore
1093 2167 1129 2198 et
1157 2163 1465 2210 condempnatum
1497 2162 1566 2199 esse
1596 2163 1634 2198 in
1661 2163 1795 2199 eisdem
1823 2163 1947 2199 decre-

375 2237 509 2267 uerunt
545 2231 751 2278 di&amque
788 2230 961 2266 summam
998 2230 1125 2266 decem
1161 2243 1367 2266 marcarum
1404 2231 1589 2267 collet‘Ptori
1625 2231 1718 2266 diue
1754 2230 1946 2279 collegiate

375 2299 524 2335 ecclesie
542 2300 689 2335 nomine
708 2299 935 2347 prefatorum
962 2298 1136 2347 prepositi
1155 2304 1191 2335 et
1216 2299 1368 2346 capituli
1395 2312 1459 2347 per
1479 2299 1612 2335 di&um
1631 2298 1817 2334 dominum
1837 2298 1946 2334 Jaco-

376 2368 460 2402 bum
488 2367 532 2402 de
559 2368 628 2403 suis
656 2368 859 2403 communis
886 2374 922 2403 et
948 2367 1174 2415 proprietate
1204 2367 1414 2403 soluendam
1442 2373 1477 2403 et
1503 2367 1551 2402 ad
1576 2366 1753 2402 fabricam
1775 2366 1836 2402 seu
1855 2367 1945 2403 alios

377 2434 455 2481 pios
474 2435 554 2470 vsus
580 2435 785 2471 huiusmodi
813 2435 1007 2483 collegiate
1035 2435 1184 2471 ecclesie
1213 2435 1498 2471 conuertendam
1526 2440 1562 2470 et
1585 2435 1846 2483 disponendam
1866 2435 1944 2471 fore
