2147 2964
327 309 399 345 292
594 302 772 340 CARTE
800 302 947 339 ECCL.
978 301 1127 339 COLL.
1158 301 1228 337 DE
1257 301 1572 338 RESTALRIG.

327 403 504 440 decessum
536 415 644 438 vnum
677 401 965 437 anniuersarium
1000 400 1172 436 videlicet
1191 401 1328 448 Dirige
1360 406 1395 436 et
1427 400 1563 436 missam
1594 400 1648 434 De
1675 401 1798 447 requie
1817 413 1898 436 cum

328 472 506 519 obsequiis
534 471 737 506 animarum
765 483 830 517 per
858 470 1039 505 decanum
1068 476 1103 505 et
1131 468 1394 516 prebendarios
1422 467 1511 503 ᾶίἇὶὶ
1537 467 1651 503 nostri
1684 467 1829 515 collegii
1858 481 1900 504 ae

328 554 453 578 eorum
473 540 688 576 successores
707 552 773 586 pro
793 544 957 585 tempore
977 537 1170 573 existentes
1189 537 1376 572 annuatim
1405 549 1472 584 pro
1492 536 1615 572 anima
1633 536 1720 572 dicti
1740 537 1901 583 magistri

327 610 459 646 Jacobi
479 616 515 645 et
540 608 648 656 ipsius
668 608 869 644 amicorum
896 619 963 654 per
983 620 1063 643 eum
1093 606 1396 642 nominandorum
1418 605 1475 640 die
1495 605 1612 641 obitus
1632 605 1789 640 eiusdem
1810 605 1902 641 cele-

328 680 454 715 bretur
469 700 476 707 ·
493 678 538 713 ad
558 690 628 724 que
649 676 695 712 fic
715 676 836 711 debite
855 675 977 711 fienda
993 675 1125 723 prefati
1147 675 1306 710 decanus
1327 680 1362 710 et
1382 673 1617 721 prebendarii
1636 686 1703 721 pro
1720 687 1757 709 so
1777 680 1813 709 et
1833 674 1903 709 suis

327 746 585 784 suecessoribus
612 745 769 780 fideliter
796 746 829 779 se
859 744 1068 791 obligarunt
1096 750 1132 779 et
1160 743 1324 790 obligant
1351 743 1388 777 in
1409 742 1577 778 vberiore
1605 742 1722 777 forma
1741 755 1807 789 per
1825 755 1905 790 pre-

329 817 445 852 sentes
465 835 472 842 ·
494 814 618 857 Quare
651 812 825 848 vniuerfis
860 818 895 847 et
929 811 1076 859 singulis
1109 824 1263 859 quorum
1297 810 1445 846 interest
1481 811 1538 846 vel
1570 810 1737 847 interesse
1769 812 1903 858 poterit

329 885 449 920 stricte
469 882 688 931 precipimus
709 887 744 916 et
764 881 976 916 mandamus
1004 893 1049 915 ne
1078 881 1158 927 quis
1186 880 1223 915 in
1252 880 1477 916 contrarium
1498 880 1746 927 premissorum
1768 880 1905 927 aliqua-

329 954 412 988 liter
429 951 604 988 deuenire
623 950 805 998 presumat
825 949 887 984 sub
908 949 1006 984 omni
1035 961 1129 996 pena
1149 962 1218 996 que
1238 954 1448 996 competere
1475 948 1611 996 poterit
1630 949 1668 984 in
1685 949 1754 984 hac
1773 955 1877 997 parte
1898 972 1904 977 -

329 1022 466 1058 Datum
488 1020 549 1055 sub
564 1019 687 1055 nostro
707 1031 839 1065 magno
858 1017 972 1065 figillo
992 1018 1091 1065 apud
1107 1017 1325 1065 Edinburgh
1344 1017 1514 1065 vigesimo
1535 1017 1686 1064 septimo
1701 1017 1760 1053 die
1776 1019 1906 1054 mensis

332 1089 489 1137 Augusti
515 1101 611 1124 anno
640 1087 793 1123 Domini
820 1086 1008 1122 millesimo
1037 1086 1327 1135 quingentesimo
1357 1085 1528 1134 vigesimo
1556 1086 1705 1133 septimo
1739 1093 1774 1122 et
1801 1088 1906 1134 regni

331 1159 443 1194 nostri
463 1157 605 1194 decimo
625 1162 767 1203 quarto,
