2147 2964
205 1154 274 1192 169

336 293 406 329 190
638 287 955 325 REGISTRUM
983 287 1238 325 ECCLESIE
1267 288 1609 326 COLLEGIATE

336 390 380 423 (le
408 388 575 423 omnibus
602 388 761 435 receptis
789 387 860 422 suis
890 394 926 423 et
953 387 1117 435 expensis
1149 389 1194 423 ab
1222 388 1348 424 vltimo
1375 394 1545 437 compoto
1570 389 1708 424 domini
1737 388 1907 424 Willelmi

336 525 494 573 compoti
515 524 743 561 auditoribus
762 525 1027 572 prebendariis.

336 595 438 630 Idem
458 600 587 630 onerat
606 594 640 629 se
660 594 704 629 de
721 594 793 629 xli.
813 595 858 629 de
881 594 996 629 firmis
1023 600 1204 629 terrarum
1225 594 1269 629 de
1289 594 1484 642 Lumphoy
1505 594 1550 629 de
1570 594 1736 630 terminis
1756 594 1912 629 Penthe-

336 663 451 699 costes
470 669 506 698 et
527 662 649 698 Sancti
670 662 824 698 Martini
845 662 941 698 infra
958 662 1028 697 hoc
1048 668 1265 710 compotum.

437 731 585 767 Summa
602 731 710 766 huius
729 730 959 766 oneracionis
978 735 1088 777 patet.

338 801 458 842 Quam
486 799 657 835 summam
686 799 791 834 soluit
810 799 957 834 domino
978 798 1121 833 Thome
1140 798 1240 834 Guld
1268 804 1304 834 et
1325 798 1512 833 Willelmo
1535 798 1738 845 Yhounger
1757 810 1823 844 pro
1844 798 1912 832 sus-

337 868 546 904 tentacione
574 880 773 915 puerorum
800 867 837 902 in
866 867 978 902 choro
1006 866 1093 902 diffi
1121 866 1267 915 collegii
1295 866 1377 914 ipsis
1404 867 1632 913 presentibus
1658 872 1694 902 et
1713 867 1913 902 fatentibus

338 937 556 972 solucionem
577 937 683 984 super
703 942 911 983 compotum
932 936 1004 971 xli.
1025 941 1060 971 et
1079 934 1127 970 fic
1146 948 1238 981 eque
1258 948 1361 982 eque.

339 1130 575 1183 CompoTuM
596 1145 827 1181 dominorum
843 1144 1018 1180 Willelmi
1035 1143 1194 1190 Tempill
1210 1150 1246 1179 et
1263 1143 1418 1190 Georgii
1437 1143 1664 1190 Clapertoun
1683 1150 1914 1190 receptorum

338 1215 564 1264 generalium
583 1215 769 1249 firmarum
797 1219 832 1249 et
855 1213 1060 1248 communie
1080 1212 1167 1247 difiti
1194 1211 1340 1259 collegii
1362 1211 1493 1247 Sanete
1515 1211 1711 1247 Trinitatis
1730 1213 1915 1248 redditum

339 1286 436 1333 apud
451 1284 586 1319 difftum
607 1283 802 1330 collegium
821 1294 887 1329 per
901 1281 1044 1316 eosdem
1063 1281 1123 1316 die
1138 1279 1307 1316 vieefimo
1327 1281 1442 1316 tercio
1458 1281 1589 1316 mensis
1605 1280 1799 1317 Februarii
1819 1294 1916 1316 anno

339 1360 407 1390 eto.
424 1357 458 1388 v⁰
476 1352 567 1387 xxii⁰
585 1352 630 1386 de
648 1350 814 1386 omnibus
833 1349 991 1397 receptis
1010 1349 1082 1384 suis
1102 1355 1138 1384 et
1157 1348 1321 1397 expensis
1337 1362 1358 1385 a
1373 1349 1432 1385 die
1451 1350 1554 1385 xviii⁰
1572 1349 1702 1385 mensis
1718 1349 1810 1385 Maii
1829 1351 1916 1386 anni

338 1420 528 1468 prescripti
548 1419 657 1465 vsque
684 1419 722 1453 in
751 1418 847 1453 diem
875 1417 982 1452 huius
1010 1418 1168 1465 compoti
1199 1424 1234 1453 et
1254 1418 1301 1453 {ic
1322 1419 1367 1454 de
1390 1419 1532 1455 duobus
1560 1418 1726 1455 terminis
1745 1419 1917 1454 videlicet

340 1488 599 1525 Penthecostes
618 1493 654 1523 et
676 1486 799 1523 Sancti
819 1485 974 1522 Martini
993 1486 1091 1521 infra
1106 1486 1177 1522 hoc
1197 1493 1419 1534 compotum.

340 1559 455 1595 Iidem
485 1562 641 1593 onerant
668 1557 703 1592 se
730 1556 769 1591 in
797 1555 925 1603 primis
952 1555 997 1590 de
1024 1555 1084 1590 lli.
1113 1556 1158 1591 de
1182 1555 1296 1591 firmis
1323 1556 1478 1591 reeorie
1498 1556 1543 1591 de
1563 1555 1730 1591 Kirkvrd
1749 1556 1794 1591 de
1814 1557 1918 1591 diffis

338 1628 480 1663 duobus
499 1626 663 1662 terminis
691 1623 849 1672 compoti
876 1623 1036 1671 receptis
1063 1636 1085 1658 a
1111 1624 1260 1659 domino
1281 1624 1497 1660 Alexandro
1520 1623 1623 1660 Scott
1645 1624 1808 1660 firmario
1828 1625 1917 1660 eius-

644 1693 692 1700 00--

342 1900 508 1948 Expense
536 1899 736 1934 eorundem
757 1897 826 1932 -In
855 1897 982 1944 primis
1010 1897 1216 1933 allocantur
1243 1897 1537 1945 compotantibus
1564 1909 1631 1944 pro
1651 1909 1777 1932 eorum
1797 1898 1917 1945 super-

342 1968 511 2016 expofitis
531 1974 570 2003 ut
588 1973 690 2015 patet
708 1967 747 2002 in
766 1966 859 2014 pede
879 1965 1039 2013 compoti
1059 1966 1259 2000 eorundem
1278 1965 1332 2000 iiii
1343 1965 1380 2000 li.
1400 1965 1476 2000 vis.
1497 1965 1536 2000 iii
1549 1965 1585 2000 d.
1638 1965 1686 2001 Et
1703 1965 1836 2001 eisdem
1853 1979 1917 2014 per

342 2038 561 2073 solucionem
589 2036 719 2071 faaam
747 2035 890 2070 Jacobo
917 2034 1011 2070 Blak
1036 2034 1161 2069 latinio
1189 2033 1275 2069 diffi
1309 2033 1455 2081 collegii
1481 2033 1699 2081 percipienti
1727 2034 1916 2069 annuatim

343 2106 472 2154 viginti
492 2105 602 2140 libras
620 2105 658 2140 in
678 2104 785 2139 feodo
807 2103 868 2138 suo
888 2103 932 2138 de
952 2103 1056 2138 diffis
1076 2102 1241 2138 terminis
1261 2101 1417 2150 compoti
1446 2101 1518 2149 ipso
1540 2102 1707 2149 presente
1726 2107 1762 2138 et
1778 2102 1915 2138 fatente

343 2174 562 2210 solucionem
584 2173 690 2220 super
710 2178 916 2220 compotum
944 2184 993 2206 xx
1005 2171 1044 2206 11.
1100 2170 1147 2205 Et
1165 2169 1271 2205 soluti
1291 2169 1388 2204 dieto
1406 2169 1432 2204 J
1435 2169 1549 2205 acobo
1567 2182 1634 2216 pro
1654 2169 1914 2205 emendacione

344 2243 525 2277 serrorum
546 2242 691 2276 suorum
710 2253 775 2288 per
796 2246 936 2288 tempus
964 2239 1122 2287 compoti
1142 2244 1178 2273 et
1196 2238 1241 2273 de
1260 2250 1357 2273 anno
1375 2237 1598 2285 precedente
1617 2237 1686 2272 hoc
1706 2244 1914 2284 compotum

344 2310 457 2345 xxviii
470 2322 497 2344 s.
551 2309 599 2345 Et
625 2322 691 2356 per
710 2308 930 2344 solucionem
960 2308 1091 2343 factam
1110 2306 1295 2342 Willelmo
1315 2306 1482 2354 Dalgleis
1508 2306 1635 2341 latimo
1662 2306 1700 2340 in
1726 2306 1833 2341 feodo
1854 2306 1914 2342 suo

345 2378 388 2412 de
409 2377 513 2412 dietis
540 2377 706 2412 terminis
734 2376 892 2424 compoti
911 2376 974 2411 viii
986 2375 1024 2411 11.
1078 2374 1126 2410 Et
1144 2375 1292 2410 domino
1312 2373 1484 2410 Michaeli
1504 2373 1628 2409 Disart
1656 2373 1800 2409 sacriste
1827 2375 1912 2411 diffi

346 2444 490 2491 collegii
514 2456 580 2490 pro
609 2444 873 2480 sustentacione
901 2457 984 2479 cere
1011 2443 1189 2478 luminum
1212 2448 1247 2478 et
1271 2442 1425 2478 aliorum
1452 2441 1730 2477 necessariorum
1760 2443 1796 2478 in
1816 2444 1913 2479 dieto
