2147 2964
312 280 385 317 286
680 280 858 317 CARTE
885 281 1140 318 ECCLESIE
1170 281 1514 319 COLLEGIATE

324 379 523 426 seipsosque
552 385 588 415 et
626 392 698 415 non
728 392 795 427 per
833 381 943 416 alium
984 382 1043 416 seu
1081 380 1172 415 alios
1208 381 1375 428 premissa
1413 381 1685 429 perimplebunt
1725 388 1761 418 et
1797 384 1895 429 quod

325 447 440 483 eciam
468 448 504 482 in
536 447 691 483 cameris
718 448 875 496 propriis
902 449 979 484 illic
1010 449 1144 484 eisdem
1172 450 1355 497 deputatis
1384 451 1583 487 noetuatim
1620 451 1804 486 dormiant
1834 451 1896 487 sub

324 515 426 562 penis
461 515 500 550 in
535 515 678 551 statutis
710 517 938 564 apponendis
958 537 965 545 -
986 516 1165 553 Volumus
1197 519 1313 554 eciam
1345 519 1442 566 quod
1474 519 1567 555 diae
1600 520 1784 566 prebende
1816 520 1897 555 sunt

324 597 405 620 cum
426 585 700 632 quibuscunque
720 585 800 620 aliis
818 585 1006 621 beneficiis
1034 584 1283 622 ecclesiasticis
1310 594 1372 622 aut
1391 599 1609 634 quocunque
1628 587 1699 622 alio
1718 588 1897 623 beneficio

323 653 566 690 ecclefiastieo
586 654 846 701 competabiles
870 654 1067 689 dummodo
1084 654 1182 701 apud
1205 654 1339 690 dietam
1359 654 1546 690 ecclesiam
1567 655 1795 702 collegiatam
1816 668 1897 702 per-

324 721 496 758 sonaliter
514 729 554 758 ut
580 722 680 770 prius
707 722 890 758 resideant
917 722 1007 758 alias
1034 735 1107 757 non
1128 743 1135 751 ·
1156 722 1337 758 Volumus
1365 723 1479 758 eciam
1507 724 1606 770 quod
1633 723 1718 759 diffl
1743 725 1896 770 preben-

323 790 418 825 darii
447 790 483 825 in
515 789 613 825 festis
644 790 843 826 maioribus
875 797 911 826 et
942 791 1226 837 processionibus
1258 791 1295 826 in
1328 791 1516 827 matutinis
1547 790 1646 827 missa
1674 797 1710 827 et
1738 792 1895 838 vesperis

324 858 437 893 rubiis
474 858 636 905 capuciis
672 859 716 893 de
753 858 907 894 scarleto
944 865 1006 894 aut
1042 859 1220 895 cameloto
1256 860 1368 895 rubro
1404 860 1472 894 suis
1505 860 1664 907 propriis
1695 860 1895 907 sumptibus

325 927 455 975 emptis
473 927 498 962 fi
519 928 703 963 voluerint
732 934 883 963 Vtuntur
902 949 909 956 ·
930 927 1022 963 Item
1052 928 1215 963 similiter
1243 928 1407 963 volumus
1435 928 1532 975 quod
1560 928 1714 974 quilibet
1741 929 1896 975 preben—

324 996 448 1031 darius
467 996 512 1031 de
531 1009 627 1031 nouo
644 996 786 1031 intrans
812 995 987 1044 prestabit
1014 997 1154 1031 decano
1181 1008 1248 1043 pro
1268 1001 1430 1043 tempore
1451 995 1702 1031 obedienciam
1721 996 1759 1031 in
1779 997 1897 1032 forma

325 1064 415 1099 iuris
437 1071 473 1100 et
499 1064 634 1100 iurabit
661 1064 854 1100 obseruare
881 1071 917 1100 et
943 1064 1163 1112 perimplere
1191 1063 1331 1111 singula
1358 1070 1531 1100 contenta
1556 1077 1623 1111 pro
1652 1064 1713 1100 sua
1736 1071 1839 1112 parte
1858 1066 1895 1100 in

323 1132 392 1168 hac
411 1131 534 1167 nostra
551 1132 770 1168 fundacione
795 1145 938 1168 necnon
965 1133 1099 1168 statuta
1125 1132 1275 1168 condita
1293 1138 1328 1167 et
1347 1133 1540 1167 condenda
1567 1133 1807 1169 racionabilia
1825 1135 1895 1170 iuri

325 1201 508 1236 communi
534 1214 608 1236 non
636 1201 888 1249 repugnancia
915 1208 950 1236 et
978 1202 1076 1248 quod
1102 1200 1224 1235 nullus
1251 1212 1317 1246 per
1336 1212 1402 1234 nos
1429 1206 1491 1235 aut
1518 1200 1661 1236 nostros
1680 1201 1897 1238 successores

323 1269 551 1315 presentatus
569 1269 607 1303 in
623 1269 721 1304 dida
739 1267 889 1304 ecclefia
908 1268 1103 1315 collegiata
1120 1281 1185 1316 per
1200 1268 1377 1303 decanum
1399 1275 1461 1302 aut
1480 1267 1556 1302 eius
1572 1268 1692 1303 locum
1710 1275 1895 1306 tenentem

324 1336 523 1383 recipiatur
550 1343 613 1371 aut
639 1336 850 1372 instituatur
882 1336 947 1371 nisi
977 1337 1154 1372 sufficiens
1184 1336 1294 1371 fuerit
1325 1336 1362 1370 in
1399 1336 1556 1384 legendo
1584 1337 1694 1384 plano
1723 1345 1833 1374 cantu
1861 1348 1896 1375 et

324 1405 489 1440 discantu
518 1404 793 1440 examinacione
822 1417 886 1453 per
916 1405 1094 1440 decanum
1126 1416 1192 1451 pro
1225 1411 1389 1451 tempore
1419 1405 1549 1452 preuia
1570 1424 1577 1432 ·
1596 1405 1707 1440 Pueri
1740 1419 1827 1442 vero
1857 1407 1894 1442 in

324 1479 433 1508 cantu
461 1474 499 1507 iu
518 1478 623 1519 parte
650 1472 759 1520 periti
779 1479 815 1508 et
834 1473 972 1508 dociles
999 1472 1067 1508 fint
1095 1478 1157 1508 aut
1181 1472 1344 1519 quotidie
1373 1486 1454 1508 cum
1475 1486 1495 1508 a
1515 1473 1627 1508 choro
1646 1487 1778 1509 vacare
1796 1482 1896 1523 pote-

324 1547 409 1576 runt
429 1540 655 1576 cantacionis
683 1541 788 1576 scolis
816 1553 965 1588 operam
993 1541 1190 1576 exhibeant
1209 1561 1216 1568 ·
1237 1540 1331 1576 Item
1359 1541 1570 1576 ordinamus
1596 1550 1633 1577 vt
1660 1542 1722 1577 ille
1750 1543 1807 1578 cui
1835 1545 1895 1579 de-

324 1622 436 1644 canus
462 1609 500 1644 in
528 1608 604 1645 eius
632 1609 800 1644 absencia
830 1609 1042 1645 facultatem
1073 1610 1172 1644 suam
1203 1621 1271 1656 pro
1300 1609 1397 1644 bono
1429 1609 1608 1656 regimine
1635 1611 1720 1645 di6ti
1748 1611 1894 1660 collegii

322 1677 542 1712 commiserit
558 1677 691 1712 habeat
715 1678 931 1724 potestatem
958 1677 1199 1724 suspendendi
1218 1690 1239 1712 a
1258 1677 1371 1712 choro
1391 1683 1426 1712 et
1445 1677 1534 1713 alias
1553 1691 1664 1724 penas
1683 1679 1894 1726 imponendi

322 1746 518 1781 secundum
543 1745 792 1781 direccionem
820 1752 855 1781 et
883 1745 1166 1781 commistionem
1194 1745 1278 1781 dic0ci
1307 1745 1437 1781 decani
1465 1746 1583 1782 eidem
1612 1747 1766 1794 desuper
1785 1750 1893 1784 confi-

322 1814 487 1849 ciendam
504 1835 511 1842 ·
526 1813 619 1850 Item
636 1814 847 1849 ordinamus
862 1815 959 1861 quod
978 1814 1063 1849 diecti
1082 1813 1317 1862 prebendarii
1336 1814 1500 1860 quotidie
1518 1814 1597 1861 post
1616 1816 1893 1862 completorium

322 1883 483 1930 exceptis
503 1882 709 1929 duplicibus
736 1882 774 1917 in
794 1882 914 1917 medio
935 1882 1037 1918 chori
1066 1881 1303 1917 celebrabunt
1323 1894 1430 1916 vnam
1458 1881 1693 1929 antiphonam
1714 1884 1759 1918 de
1779 1883 1894 1920 Beata

322 1949 478 1998 Virgine
498 1950 619 1985 Maria
638 1950 892 1985 concludendo
913 1963 995 1985 cum
1019 1949 1155 1997 psalmo
1174 1950 1236 1985 De
1248 1950 1447 1997 prcffundis
1465 1956 1534 1985 etc.
1554 1963 1621 1997 pro
1640 1951 1893 1988 fundatoribus

322 2018 384 2053 sub
401 2030 496 2065 pena
514 2018 553 2053 in
572 2017 715 2053 statutis
742 2018 965 2065 imponenda
983 2039 990 2046 ·
1011 2017 1104 2053 Item
1133 2017 1343 2053 ordinamus
1371 2017 1534 2053 similiter
1553 2025 1589 2054 et
1610 2019 1773 2055 volumus
1796 2022 1893 2067 quod

323 2086 443 2121 nullus
462 2085 791 2133 prebendariorum
819 2086 1036 2121 clericorum
1063 2085 1146 2121 dieti
1175 2085 1320 2133 collegii
1347 2092 1410 2121 aut
1428 2098 1625 2133 puerorum
1645 2086 1719 2122 fine
1738 2087 1893 2124 licencia

324 2154 453 2189 decani
473 2153 588 2201 petita
607 2159 642 2189 et
665 2154 815 2190 obtenta
841 2167 879 2189 se
907 2153 1070 2189 absentet
1096 2166 1215 2200 neque
1243 2153 1368 2189 licebit
1395 2154 1537 2190 decano
1562 2155 1657 2191 vltra
1684 2156 1892 2203 quindecim

325 2222 401 2257 dies
421 2222 577 2268 aliquem
604 2221 800 2257 licenciare
827 2222 891 2257 nifi
921 2235 963 2258 ex
992 2235 1125 2270 magna
1152 2229 1189 2258 et
1215 2223 1331 2259 ardua
1357 2224 1464 2259 causa
1483 2235 1565 2258 cum
1585 2224 1758 2259 consensu
1776 2225 1890 2260 eciam

326 2289 473 2336 capituli
493 2290 645 2336 desuper
668 2290 840 2336 requisito
867 2297 904 2325 et
931 2291 1080 2326 obtento
1099 2311 1106 2317 ·
1127 2289 1364 2326 Contrarium
1391 2297 1513 2326 autem
1541 2291 1678 2327 faciens
1697 2299 1758 2327 aut
1778 2293 1892 2328 solici-

326 2363 406 2391 tans
425 2357 500 2403 ipso
519 2357 612 2392 fatto
627 2371 648 2392 a
667 2358 746 2393 iure
765 2358 825 2393 sue
844 2358 1030 2405 prebende
1050 2359 1155 2395 cadat
1169 2366 1205 2395 et
1220 2360 1281 2395 sua
1298 2361 1485 2408 prebenda
1500 2359 1571 2396 flue
1586 2361 1686 2396 locus
1701 2362 1892 2397 censeatur

329 2435 458 2458 vacare
477 2430 512 2459 et
531 2424 679 2460 realiter
698 2425 884 2472 postquam
910 2426 1094 2462 notorium
1120 2428 1230 2463 fuerit
1248 2435 1353 2464 vacet
1372 2428 1424 2464 ita
1443 2435 1481 2464 ut
1500 2429 1576 2476 ipso
1594 2429 1742 2464 minime
1762 2437 1890 2465 vocato
