<?xml version="1.0" encoding="UTF-8"?>
<!DOCTYPE html PUBLIC "-//W3C//DTD XHTML 1.0 Transitional//EN"
    "http://www.w3.org/TR/xhtml1/DTD/xhtml1-transitional.dtd">
<html xmlns="http://www.w3.org/1999/xhtml" xml:lang="en" lang="en">
 <head>
  <title>
</title>
<meta http-equiv="Content-Type" content="text/html;charset=utf-8" />
  <meta name='ocr-system' content='tesseract 3.04.00' />
  <meta name='ocr-capabilities' content='ocr_page ocr_carea ocr_par ocr_line ocrx_word'/>
</head>
<body>
  <div class='ocr_page' id='page_1' title='image "./registrumdomusde00lain_0473.png"; bbox 0 0 2147 2964; ppageno 0'>
   <div class='ocr_carea' id='block_1_1' title="bbox 743 285 1788 335">
    <p class='ocr_par' dir='ltr' id='par_1_1' title="bbox 743 285 1788 335">
     <span class='ocr_line' id='line_1_1' title="bbox 743 285 1788 335; baseline 0.002 -13"><span class='ocrx_word' id='word_1_1' title='bbox 743 286 813 322; x_wconf 91' lang='lat' dir='ltr'><strong>DE</strong></span> <span class='ocrx_word' id='word_1_2' title='bbox 842 285 1225 323; x_wconf 86' lang='lat' dir='ltr'>CORSTORPHIN</span> <span class='ocrx_word' id='word_1_3' title='bbox 1228 286 1270 322; x_wconf 88' lang='lat' dir='ltr'><strong>E.</strong></span> <span class='ocrx_word' id='word_1_4' title='bbox 1718 286 1788 335; x_wconf 84' lang='lat'><strong>297</strong></span> 
     </span>
    </p>
   </div>
   <div class='ocr_carea' id='block_1_2' title="bbox 205 384 1785 2531">
    <p class='ocr_par' dir='ltr' id='par_1_2' title="bbox 205 384 1785 2531">
     <span class='ocr_line' id='line_1_2' title="bbox 216 384 1785 433; baseline -0.001 -12"><span class='ocrx_word' id='word_1_5' title='bbox 216 396 251 421; x_wconf 84' lang='lat' dir='ltr'><strong>et</strong></span> <span class='ocrx_word' id='word_1_6' title='bbox 279 386 427 433; x_wconf 85' lang='lat' dir='ltr'><strong>singulis</strong></span> <span class='ocrx_word' id='word_1_7' title='bbox 455 387 562 422; x_wconf 88' lang='lat' dir='ltr'><strong>terris</strong></span> <span class='ocrx_word' id='word_1_8' title='bbox 588 393 623 422; x_wconf 87' lang='lat' dir='ltr'><strong>et</strong></span> <span class='ocrx_word' id='word_1_9' title='bbox 650 386 779 422; x_wconf 82' lang='lat' dir='ltr'>annuis</span> <span class='ocrx_word' id='word_1_10' title='bbox 807 385 1010 421; x_wconf 84' lang='lat' dir='ltr'><strong>redditibus</strong></span> <span class='ocrx_word' id='word_1_11' title='bbox 1038 386 1171 420; x_wconf 88' lang='lat' dir='ltr'><strong>nostris</strong></span> <span class='ocrx_word' id='word_1_12' title='bbox 1198 385 1295 421; x_wconf 85' lang='lat' dir='ltr'><strong>infra</strong></span> <span class='ocrx_word' id='word_1_13' title='bbox 1321 385 1452 420; x_wconf 68' lang='lat' dir='ltr'><strong>di&amp;am</strong></span> <span class='ocrx_word' id='word_1_14' title='bbox 1482 385 1604 421; x_wconf 91' lang='lat' dir='ltr'><strong>villam</strong></span> <span class='ocrx_word' id='word_1_15' title='bbox 1628 386 1673 420; x_wconf 88' lang='lat' dir='ltr'><strong>de</strong></span> <span class='ocrx_word' id='word_1_16' title='bbox 1692 384 1785 420; x_wconf 78' lang='lat' dir='ltr'><strong>Loth</strong></span> 
     </span>
     <span class='ocr_line' id='line_1_3' title="bbox 218 453 1783 501; baseline 0.001 -14"><span class='ocrx_word' id='word_1_17' title='bbox 218 453 421 501; x_wconf 85' lang='lat' dir='ltr'><strong>vbicunque</strong></span> <span class='ocrx_word' id='word_1_18' title='bbox 442 454 679 489; x_wconf 84' lang='lat' dir='ltr'><strong>existentibus</strong></span> <span class='ocrx_word' id='word_1_19' title='bbox 699 475 705 482; x_wconf 92' lang='lat'><strong>·</strong></span> <span class='ocrx_word' id='word_1_20' title='bbox 727 460 762 489; x_wconf 88' lang='lat' dir='ltr'><strong>ct</strong></span> <span class='ocrx_word' id='word_1_21' title='bbox 790 454 951 500; x_wconf 83' lang='lat' dir='ltr'><strong>quinque</strong></span> <span class='ocrx_word' id='word_1_22' title='bbox 979 453 1039 489; x_wconf 93' lang='lat' dir='ltr'><strong>lib.</strong></span> <span class='ocrx_word' id='word_1_23' title='bbox 1069 454 1178 489; x_wconf 85' lang='lat' dir='ltr'><strong>annui</strong></span> <span class='ocrx_word' id='word_1_24' title='bbox 1207 454 1372 489; x_wconf 86' lang='lat' dir='ltr'><strong>redditus</strong></span> <span class='ocrx_word' id='word_1_25' title='bbox 1394 454 1499 489; x_wconf 86' lang='lat' dir='ltr'><strong>nobis</strong></span> <span class='ocrx_word' id='word_1_26' title='bbox 1518 453 1705 489; x_wconf 87' lang='lat' dir='ltr'><strong>annuatim</strong></span> <span class='ocrx_word' id='word_1_27' title='bbox 1725 454 1783 488; x_wconf 93' lang='lat' dir='ltr'><strong>de-</strong></span> 
     </span>
     <span class='ocr_line' id='line_1_4' title="bbox 216 521 1783 569; baseline 0 -13"><span class='ocrx_word' id='word_1_28' title='bbox 216 522 307 557; x_wconf 85' lang='lat' dir='ltr'><strong>bitas</strong></span> <span class='ocrx_word' id='word_1_29' title='bbox 327 529 363 557; x_wconf 87' lang='lat' dir='ltr'><strong>et</strong></span> <span class='ocrx_word' id='word_1_30' title='bbox 381 529 556 558; x_wconf 87' lang='lat' dir='ltr'><strong>exeuntes</strong></span> <span class='ocrx_word' id='word_1_31' title='bbox 576 524 620 558; x_wconf 86' lang='lat' dir='ltr'><strong>de</strong></span> <span class='ocrx_word' id='word_1_32' title='bbox 649 523 806 569; x_wconf 85' lang='lat' dir='ltr'><strong>quodam</strong></span> <span class='ocrx_word' id='word_1_33' title='bbox 835 528 1044 557; x_wconf 84' lang='lat' dir='ltr'><strong>tenemento</strong></span> <span class='ocrx_word' id='word_1_34' title='bbox 1065 521 1209 557; x_wconf 86' lang='lat' dir='ltr'><strong>Valteri</strong></span> <span class='ocrx_word' id='word_1_35' title='bbox 1239 521 1345 569; x_wconf 90' lang='lat' dir='ltr'><strong>Spott</strong></span> <span class='ocrx_word' id='word_1_36' title='bbox 1366 522 1560 557; x_wconf 86' lang='lat' dir='ltr'><strong>secundum</strong></span> <span class='ocrx_word' id='word_1_37' title='bbox 1580 521 1728 556; x_wconf 89' lang='lat' dir='ltr'><strong>modum</strong></span> <span class='ocrx_word' id='word_1_38' title='bbox 1748 527 1783 556; x_wconf 87' lang='lat' dir='ltr'><strong>et</strong></span> 
     </span>
     <span class='ocr_line' id='line_1_5' title="bbox 212 589 1783 626; baseline 0.001 -3"><span class='ocrx_word' id='word_1_39' title='bbox 212 589 366 624; x_wconf 88' lang='lat' dir='ltr'><strong>formam</strong></span> <span class='ocrx_word' id='word_1_40' title='bbox 392 590 667 625; x_wconf 87' lang='lat' dir='ltr'><strong>euidenciarum</strong></span> <span class='ocrx_word' id='word_1_41' title='bbox 696 590 792 626; x_wconf 87' lang='lat' dir='ltr'><strong>inter</strong></span> <span class='ocrx_word' id='word_1_42' title='bbox 819 603 883 624; x_wconf 85' lang='lat' dir='ltr'><strong>nos</strong></span> <span class='ocrx_word' id='word_1_43' title='bbox 912 596 948 625; x_wconf 90' lang='lat' dir='ltr'><strong>et</strong></span> <span class='ocrx_word' id='word_1_44' title='bbox 976 590 1111 625; x_wconf 56' lang='lat' dir='ltr'><strong>dietum</strong></span> <span class='ocrx_word' id='word_1_45' title='bbox 1131 589 1322 624; x_wconf 81' lang='lat' dir='ltr'><strong>Valteruln</strong></span> <span class='ocrx_word' id='word_1_46' title='bbox 1352 589 1436 624; x_wconf 92' lang='lat' dir='ltr'><strong>inde</strong></span> <span class='ocrx_word' id='word_1_47' title='bbox 1456 590 1700 624; x_wconf 59' lang='lat' dir='ltr'><strong>conseffitarum</strong></span> <span class='ocrx_word' id='word_1_48' title='bbox 1721 612 1728 618; x_wconf 89' lang='lat'><strong>·</strong></span> <span class='ocrx_word' id='word_1_49' title='bbox 1748 596 1783 624; x_wconf 91' lang='lat' dir='ltr'><strong>et</strong></span> 
     </span>
     <span class='ocr_line' id='line_1_6' title="bbox 213 657 1780 704; baseline 0.001 -13"><span class='ocrx_word' id='word_1_50' title='bbox 213 657 247 691; x_wconf 86' lang='lat' dir='ltr'><strong>xl</strong></span> <span class='ocrx_word' id='word_1_51' title='bbox 262 670 287 692; x_wconf 91' lang='lat' dir='ltr'><strong>s.</strong></span> <span class='ocrx_word' id='word_1_52' title='bbox 308 657 410 692; x_wconf 89' lang='lat' dir='ltr'><strong>nobis</strong></span> <span class='ocrx_word' id='word_1_53' title='bbox 438 658 626 693; x_wconf 82' lang='lat' dir='ltr'>annuatim</span> <span class='ocrx_word' id='word_1_54' title='bbox 655 658 796 693; x_wconf 90' lang='lat' dir='ltr'><strong>debitos</strong></span> <span class='ocrx_word' id='word_1_55' title='bbox 824 664 860 692; x_wconf 88' lang='lat' dir='ltr'><strong>et</strong></span> <span class='ocrx_word' id='word_1_56' title='bbox 886 663 1061 693; x_wconf 81' lang='lat' dir='ltr'><strong>exeuntes</strong></span> <span class='ocrx_word' id='word_1_57' title='bbox 1087 658 1132 692; x_wconf 87' lang='lat' dir='ltr'><strong>de</strong></span> <span class='ocrx_word' id='word_1_58' title='bbox 1160 657 1196 692; x_wconf 90' lang='lat' dir='ltr'><strong>la</strong></span> <span class='ocrx_word' id='word_1_59' title='bbox 1215 657 1451 704; x_wconf 86' lang='lat' dir='ltr'><strong>Tempilland</strong></span> <span class='ocrx_word' id='word_1_60' title='bbox 1470 663 1506 692; x_wconf 88' lang='lat' dir='ltr'><strong>et</strong></span> <span class='ocrx_word' id='word_1_61' title='bbox 1524 663 1624 692; x_wconf 85' lang='lat' dir='ltr'><strong>terra</strong></span> <span class='ocrx_word' id='word_1_62' title='bbox 1639 658 1684 692; x_wconf 89' lang='lat' dir='ltr'><strong>de</strong></span> <span class='ocrx_word' id='word_1_63' title='bbox 1703 657 1780 692; x_wconf 91' lang='lat' dir='ltr'><strong>Me-</strong></span> 
     </span>
     <span class='ocr_line' id='line_1_7' title="bbox 215 725 1782 773; baseline 0.001 -14"><span class='ocrx_word' id='word_1_64' title='bbox 215 725 397 772; x_wconf 85' lang='lat' dir='ltr'><strong>dowfeyld</strong></span> <span class='ocrx_word' id='word_1_65' title='bbox 410 738 491 760; x_wconf 86' lang='lat' dir='ltr'><strong>cum</strong></span> <span class='ocrx_word' id='word_1_66' title='bbox 511 726 748 772; x_wconf 83' lang='lat' dir='ltr'><strong>pertinenciis</strong></span> <span class='ocrx_word' id='word_1_67' title='bbox 768 725 969 760; x_wconf 87' lang='lat' dir='ltr'><strong>iacentibus</strong></span> <span class='ocrx_word' id='word_1_68' title='bbox 988 726 1084 760; x_wconf 86' lang='lat' dir='ltr'><strong>infra</strong></span> <span class='ocrx_word' id='word_1_69' title='bbox 1105 725 1226 760; x_wconf 83' lang='lat' dir='ltr'><strong>villam</strong></span> <span class='ocrx_word' id='word_1_70' title='bbox 1247 726 1291 759; x_wconf 89' lang='lat' dir='ltr'><strong>dc</strong></span> <span class='ocrx_word' id='word_1_71' title='bbox 1313 725 1571 773; x_wconf 82' lang='lat' dir='ltr'><strong>Corstoi·fyne·</strong></span> <span class='ocrx_word' id='word_1_72' title='bbox 1585 725 1782 760; x_wconf 84' lang='lat' dir='ltr'><strong>Tcnendas</strong></span> 
     </span>
     <span class='ocr_line' id='line_1_8' title="bbox 213 792 1781 841; baseline 0.001 -14"><span class='ocrx_word' id='word_1_73' title='bbox 213 798 249 827; x_wconf 88' lang='lat' dir='ltr'><strong>et</strong></span> <span class='ocrx_word' id='word_1_74' title='bbox 268 792 453 828; x_wconf 86' lang='lat' dir='ltr'><strong>habendas</strong></span> <span class='ocrx_word' id='word_1_75' title='bbox 473 800 508 828; x_wconf 85' lang='lat' dir='ltr'><strong>et</strong></span> <span class='ocrx_word' id='word_1_76' title='bbox 527 794 783 841; x_wconf 84' lang='lat' dir='ltr'><strong>percipiendas</strong></span> <span class='ocrx_word' id='word_1_77' title='bbox 803 794 916 828; x_wconf 57' lang='lat' dir='ltr'><strong>diffluis</strong></span> <span class='ocrx_word' id='word_1_78' title='bbox 936 794 996 828; x_wconf 85' lang='lat' dir='ltr'><strong>xxi</strong></span> <span class='ocrx_word' id='word_1_79' title='bbox 1015 793 1077 828; x_wconf 92' lang='lat' dir='ltr'><strong>lib.</strong></span> <span class='ocrx_word' id='word_1_80' title='bbox 1105 793 1210 828; x_wconf 85' lang='lat' dir='ltr'><strong>xiiis.</strong></span> <span class='ocrx_word' id='word_1_81' title='bbox 1231 799 1266 827; x_wconf 89' lang='lat' dir='ltr'><strong>et</strong></span> <span class='ocrx_word' id='word_1_82' title='bbox 1285 793 1337 827; x_wconf 86' lang='lat' dir='ltr'><strong>iiii</strong></span> <span class='ocrx_word' id='word_1_83' title='bbox 1353 793 1387 827; x_wconf 90' lang='lat' dir='ltr'><strong>d.</strong></span> <span class='ocrx_word' id='word_1_84' title='bbox 1408 793 1511 828; x_wconf 65' lang='lat' dir='ltr'><strong>dictis</strong></span> <span class='ocrx_word' id='word_1_85' title='bbox 1531 793 1728 839; x_wconf 87' lang='lat' dir='ltr'><strong>capellanis</strong></span> <span class='ocrx_word' id='word_1_86' title='bbox 1747 800 1781 828; x_wconf 83' lang='lat' dir='ltr'><strong>et</strong></span> 
     </span>
     <span class='ocr_line' id='line_1_9' title="bbox 212 860 1781 909; baseline 0.001 -14"><span class='ocrx_word' id='word_1_87' title='bbox 212 860 355 895; x_wconf 85' lang='lat' dir='ltr'><strong>clericis</strong></span> <span class='ocrx_word' id='word_1_88' title='bbox 375 861 436 907; x_wconf 89' lang='lat' dir='ltr'><strong>qui</strong></span> <span class='ocrx_word' id='word_1_89' title='bbox 456 874 521 907; x_wconf 84' lang='lat' dir='ltr'><strong>pro</strong></span> <span class='ocrx_word' id='word_1_90' title='bbox 541 867 705 909; x_wconf 87' lang='lat' dir='ltr'><strong>tempore</strong></span> <span class='ocrx_word' id='word_1_91' title='bbox 733 861 869 897; x_wconf 85' lang='lat' dir='ltr'><strong>fuerint</strong></span> <span class='ocrx_word' id='word_1_92' title='bbox 896 861 1082 896; x_wconf 86' lang='lat' dir='ltr'><strong>annuatim</strong></span> <span class='ocrx_word' id='word_1_93' title='bbox 1112 861 1158 896; x_wconf 88' lang='lat' dir='ltr'><strong>ad</strong></span> <span class='ocrx_word' id='word_1_94' title='bbox 1178 861 1268 895; x_wconf 90' lang='lat' dir='ltr'><strong>duos</strong></span> <span class='ocrx_word' id='word_1_95' title='bbox 1295 861 1470 896; x_wconf 88' lang='lat' dir='ltr'><strong>terminos</strong></span> <span class='ocrx_word' id='word_1_96' title='bbox 1495 861 1582 896; x_wconf 87' lang='lat' dir='ltr'><strong>anni</strong></span> <span class='ocrx_word' id='word_1_97' title='bbox 1600 861 1781 908; x_wconf 63' lang='lat' dir='ltr'><strong>prediaeffms</strong></span> 
     </span>
     <span class='ocr_line' id='line_1_10' title="bbox 211 928 1781 977; baseline 0.001 -14"><span class='ocrx_word' id='word_1_98' title='bbox 211 928 248 963; x_wconf 93' lang='lat' dir='ltr'><strong>in</strong></span> <span class='ocrx_word' id='word_1_99' title='bbox 263 941 392 976; x_wconf 86' lang='lat' dir='ltr'><strong>puram</strong></span> <span class='ocrx_word' id='word_1_100' title='bbox 411 935 446 964; x_wconf 83' lang='lat' dir='ltr'><strong>et</strong></span> <span class='ocrx_word' id='word_1_101' title='bbox 460 936 675 976; x_wconf 85' lang='lat' dir='ltr'><strong>perpetuam</strong></span> <span class='ocrx_word' id='word_1_102' title='bbox 696 929 928 965; x_wconf 74' lang='lat' dir='ltr'><strong>elemosinam</strong></span> <span class='ocrx_word' id='word_1_103' title='bbox 947 929 1213 977; x_wconf 85' lang='lat' dir='ltr'><strong>imperpetuum</strong></span> <span class='ocrx_word' id='word_1_104' title='bbox 1232 929 1324 964; x_wconf 89' lang='lat' dir='ltr'><strong>adeo</strong></span> <span class='ocrx_word' id='word_1_105' title='bbox 1342 928 1457 964; x_wconf 87' lang='lat' dir='ltr'><strong>libere</strong></span> <span class='ocrx_word' id='word_1_106' title='bbox 1476 929 1598 976; x_wconf 90' lang='lat' dir='ltr'><strong>quiete</strong></span> <span class='ocrx_word' id='word_1_107' title='bbox 1617 929 1781 976; x_wconf 85' lang='lat' dir='ltr'><strong>plenarie</strong></span> 
     </span>
     <span class='ocr_line' id='line_1_11' title="bbox 210 997 1782 1046; baseline 0.001 -14"><span class='ocrx_word' id='word_1_108' title='bbox 210 997 353 1045; x_wconf 86' lang='lat' dir='ltr'><strong>integre</strong></span> <span class='ocrx_word' id='word_1_109' title='bbox 378 1003 413 1032; x_wconf 88' lang='lat' dir='ltr'><strong>et</strong></span> <span class='ocrx_word' id='word_1_110' title='bbox 440 997 641 1033; x_wconf 86' lang='lat' dir='ltr'><strong>honorifice</strong></span> <span class='ocrx_word' id='word_1_111' title='bbox 669 999 762 1033; x_wconf 89' lang='lat' dir='ltr'><strong>bene</strong></span> <span class='ocrx_word' id='word_1_112' title='bbox 790 1004 826 1034; x_wconf 92' lang='lat' dir='ltr'><strong>et</strong></span> <span class='ocrx_word' id='word_1_113' title='bbox 852 998 889 1033; x_wconf 92' lang='lat' dir='ltr'><strong>in</strong></span> <span class='ocrx_word' id='word_1_114' title='bbox 916 1010 1005 1046; x_wconf 84' lang='lat' dir='ltr'><strong>pace</strong></span> <span class='ocrx_word' id='word_1_115' title='bbox 1029 998 1066 1033; x_wconf 93' lang='lat' dir='ltr'><strong>in</strong></span> <span class='ocrx_word' id='word_1_116' title='bbox 1086 997 1254 1033; x_wconf 85' lang='lat' dir='ltr'><strong>omnibus</strong></span> <span class='ocrx_word' id='word_1_117' title='bbox 1273 1003 1309 1033; x_wconf 89' lang='lat' dir='ltr'><strong>et</strong></span> <span class='ocrx_word' id='word_1_118' title='bbox 1327 1010 1393 1045; x_wconf 88' lang='lat' dir='ltr'><strong>per</strong></span> <span class='ocrx_word' id='word_1_119' title='bbox 1412 998 1535 1033; x_wconf 88' lang='lat' dir='ltr'><strong>omnia</strong></span> <span class='ocrx_word' id='word_1_120' title='bbox 1554 997 1642 1034; x_wconf 89' lang='lat' dir='ltr'><strong>sicut</strong></span> <span class='ocrx_word' id='word_1_121' title='bbox 1662 998 1782 1045; x_wconf 87' lang='lat' dir='ltr'><strong>aliqua</strong></span> 
     </span>
     <span class='ocr_line' id='line_1_12' title="bbox 209 1065 1780 1114; baseline 0.001 -14"><span class='ocrx_word' id='word_1_122' title='bbox 209 1065 396 1101; x_wconf 80' lang='lat' dir='ltr'><strong>elimosina</strong></span> <span class='ocrx_word' id='word_1_123' title='bbox 417 1066 474 1101; x_wconf 91' lang='lat' dir='ltr'><strong>uel</strong></span> <span class='ocrx_word' id='word_1_124' title='bbox 493 1079 636 1102; x_wconf 90' lang='lat' dir='ltr'><strong>annuus</strong></span> <span class='ocrx_word' id='word_1_125' title='bbox 655 1066 819 1102; x_wconf 83' lang='lat' dir='ltr'><strong>redditus</strong></span> <span class='ocrx_word' id='word_1_126' title='bbox 847 1066 885 1102; x_wconf 93' lang='lat' dir='ltr'><strong>in</strong></span> <span class='ocrx_word' id='word_1_127' title='bbox 908 1079 1037 1114; x_wconf 90' lang='lat' dir='ltr'><strong>puram</strong></span> <span class='ocrx_word' id='word_1_128' title='bbox 1056 1072 1092 1102; x_wconf 89' lang='lat' dir='ltr'><strong>et</strong></span> <span class='ocrx_word' id='word_1_129' title='bbox 1109 1071 1324 1113; x_wconf 88' lang='lat' dir='ltr'><strong>perpetuam</strong></span> <span class='ocrx_word' id='word_1_130' title='bbox 1345 1065 1574 1101; x_wconf 84' lang='lat' dir='ltr'><strong>elemosinam</strong></span> <span class='ocrx_word' id='word_1_131' title='bbox 1602 1066 1780 1114; x_wconf 87' lang='lat' dir='ltr'><strong>imperpe-</strong></span> 
     </span>
     <span class='ocr_line' id='line_1_13' title="bbox 209 1134 1780 1183; baseline 0.001 -14"><span class='ocrx_word' id='word_1_132' title='bbox 209 1141 311 1170; x_wconf 87' lang='lat' dir='ltr'><strong>tuum</strong></span> <span class='ocrx_word' id='word_1_133' title='bbox 339 1135 474 1171; x_wconf 88' lang='lat' dir='ltr'><strong>alicubi</strong></span> <span class='ocrx_word' id='word_1_134' title='bbox 500 1148 566 1182; x_wconf 90' lang='lat' dir='ltr'><strong>per</strong></span> <span class='ocrx_word' id='word_1_135' title='bbox 586 1148 841 1183; x_wconf 89' lang='lat' dir='ltr'><strong>quemcunque</strong></span> <span class='ocrx_word' id='word_1_136' title='bbox 860 1136 920 1171; x_wconf 88' lang='lat' dir='ltr'><strong>uel</strong></span> <span class='ocrx_word' id='word_1_137' title='bbox 944 1135 1177 1182; x_wconf 88' lang='lat' dir='ltr'><strong>quoscunque</strong></span> <span class='ocrx_word' id='word_1_138' title='bbox 1206 1134 1412 1181; x_wconf 86' lang='lat' dir='ltr'><strong>cuicunque</strong></span> <span class='ocrx_word' id='word_1_139' title='bbox 1432 1134 1490 1169; x_wconf 88' lang='lat' dir='ltr'><strong>uel</strong></span> <span class='ocrx_word' id='word_1_140' title='bbox 1510 1135 1780 1182; x_wconf 86' lang='lat' dir='ltr'><strong>quibuscunque</strong></span> 
     </span>
     <span class='ocr_line' id='line_1_14' title="bbox 208 1203 1780 1250; baseline 0.002 -13"><span class='ocrx_word' id='word_1_141' title='bbox 208 1203 358 1238; x_wconf 90' lang='lat' dir='ltr'><strong>liberius</strong></span> <span class='ocrx_word' id='word_1_142' title='bbox 387 1203 552 1250; x_wconf 86' lang='lat' dir='ltr'><strong>quiecius</strong></span> <span class='ocrx_word' id='word_1_143' title='bbox 582 1203 713 1239; x_wconf 88' lang='lat' dir='ltr'><strong>melius</strong></span> <span class='ocrx_word' id='word_1_144' title='bbox 746 1209 808 1239; x_wconf 90' lang='lat' dir='ltr'><strong>aut</strong></span> <span class='ocrx_word' id='word_1_145' title='bbox 843 1203 1149 1238; x_wconf 87' lang='lat' dir='ltr'><strong>honorificencius</strong></span> <span class='ocrx_word' id='word_1_146' title='bbox 1184 1203 1281 1238; x_wconf 85' lang='lat' dir='ltr'><strong>infra</strong></span> <span class='ocrx_word' id='word_1_147' title='bbox 1315 1216 1470 1250; x_wconf 84' lang='lat' dir='ltr'><strong>regnum</strong></span> <span class='ocrx_word' id='word_1_148' title='bbox 1509 1203 1637 1239; x_wconf 87' lang='lat' dir='ltr'><strong>Scocie</strong></span> <span class='ocrx_word' id='word_1_149' title='bbox 1673 1204 1780 1240; x_wconf 86' lang='lat' dir='ltr'><strong>datur</strong></span> 
     </span>
     <span class='ocr_line' id='line_1_15' title="bbox 208 1271 1778 1320; baseline 0.002 -15"><span class='ocrx_word' id='word_1_150' title='bbox 208 1271 422 1307; x_wconf 88' lang='lat' dir='ltr'><strong>conceditur</strong></span> <span class='ocrx_word' id='word_1_151' title='bbox 450 1272 509 1307; x_wconf 90' lang='lat' dir='ltr'><strong>seu</strong></span> <span class='ocrx_word' id='word_1_152' title='bbox 537 1271 734 1320; x_wconf 68' lang='lat' dir='ltr'><strong>possidetur</strong></span> <span class='ocrx_word' id='word_1_153' title='bbox 768 1272 821 1307; x_wconf 89' lang='lat' dir='ltr'><strong>nil</strong></span> <span class='ocrx_word' id='word_1_154' title='bbox 857 1272 943 1307; x_wconf 92' lang='lat' dir='ltr'><strong>inde</strong></span> <span class='ocrx_word' id='word_1_155' title='bbox 981 1271 1149 1307; x_wconf 83' lang='lat' dir='ltr'><strong>faciendo</strong></span> <span class='ocrx_word' id='word_1_156' title='bbox 1181 1271 1334 1317; x_wconf 69' lang='lat' dir='ltr'><strong>prediffi</strong></span> <span class='ocrx_word' id='word_1_157' title='bbox 1373 1271 1548 1318; x_wconf 82' lang='lat' dir='ltr'><strong>capellani</strong></span> <span class='ocrx_word' id='word_1_158' title='bbox 1589 1278 1624 1307; x_wconf 90' lang='lat' dir='ltr'><strong>ct</strong></span> <span class='ocrx_word' id='word_1_159' title='bbox 1656 1272 1778 1308; x_wconf 87' lang='lat' dir='ltr'><strong>clerici</strong></span> 
     </span>
     <span class='ocr_line' id='line_1_16' title="bbox 207 1339 1780 1386; baseline 0.001 -12"><span class='ocrx_word' id='word_1_160' title='bbox 207 1352 275 1374; x_wconf 89' lang='lat' dir='ltr'><strong>nec</strong></span> <span class='ocrx_word' id='word_1_161' title='bbox 290 1339 506 1375; x_wconf 71' lang='lat' dir='ltr'><strong>successores</strong></span> <span class='ocrx_word' id='word_1_162' title='bbox 523 1340 575 1375; x_wconf 88' lang='lat' dir='ltr'><strong>sui</strong></span> <span class='ocrx_word' id='word_1_163' title='bbox 595 1341 699 1375; x_wconf 89' lang='lat' dir='ltr'><strong>nobis</strong></span> <span class='ocrx_word' id='word_1_164' title='bbox 719 1346 781 1375; x_wconf 89' lang='lat' dir='ltr'><strong>aut</strong></span> <span class='ocrx_word' id='word_1_165' title='bbox 800 1340 1057 1375; x_wconf 80' lang='lat' dir='ltr'><strong>suecess&#39;oribus</strong></span> <span class='ocrx_word' id='word_1_166' title='bbox 1077 1339 1208 1374; x_wconf 87' lang='lat' dir='ltr'><strong>nostris</strong></span> <span class='ocrx_word' id='word_1_167' title='bbox 1227 1345 1352 1386; x_wconf 86' lang='lat' dir='ltr'><strong>preter</strong></span> <span class='ocrx_word' id='word_1_168' title='bbox 1371 1341 1622 1375; x_wconf 88' lang='lat' dir='ltr'><strong>tantummodo</strong></span> <span class='ocrx_word' id='word_1_169' title='bbox 1642 1341 1780 1376; x_wconf 85' lang='lat' dir='ltr'><strong>oracio-</strong></span> 
     </span>
     <span class='ocr_line' id='line_1_17' title="bbox 209 1407 1778 1455; baseline 0.002 -13"><span class='ocrx_word' id='word_1_170' title='bbox 209 1420 294 1443; x_wconf 80' lang='lat' dir='ltr'><strong>nuin</strong></span> <span class='ocrx_word' id='word_1_171' title='bbox 313 1408 483 1455; x_wconf 83' lang='lat' dir='ltr'><strong>suffragia</strong></span> <span class='ocrx_word' id='word_1_172' title='bbox 502 1408 718 1443; x_wconf 86' lang='lat' dir='ltr'><strong>deuotarum</strong></span> <span class='ocrx_word' id='word_1_173' title='bbox 739 1430 746 1436; x_wconf 93' lang='lat'>-</span> <span class='ocrx_word' id='word_1_174' title='bbox 767 1407 814 1443; x_wconf 89' lang='lat' dir='ltr'><strong>Et</strong></span> <span class='ocrx_word' id='word_1_175' title='bbox 833 1420 899 1442; x_wconf 91' lang='lat' dir='ltr'><strong>nos</strong></span> <span class='ocrx_word' id='word_1_176' title='bbox 927 1408 1071 1454; x_wconf 91' lang='lat' dir='ltr'><strong>quidem</strong></span> <span class='ocrx_word' id='word_1_177' title='bbox 1092 1407 1283 1454; x_wconf 86' lang='lat' dir='ltr'><strong>Margreta</strong></span> <span class='ocrx_word' id='word_1_178' title='bbox 1307 1413 1342 1443; x_wconf 91' lang='lat' dir='ltr'><strong>et</strong></span> <span class='ocrx_word' id='word_1_179' title='bbox 1360 1407 1551 1443; x_wconf 84' lang='lat' dir='ltr'><strong>Johannes</strong></span> <span class='ocrx_word' id='word_1_180' title='bbox 1569 1409 1724 1455; x_wconf 71' lang='lat' dir='ltr'><strong>prediffi</strong></span> <span class='ocrx_word' id='word_1_181' title='bbox 1744 1417 1778 1445; x_wconf 87' lang='lat' dir='ltr'><strong>et</strong></span> 
     </span>
     <span class='ocr_line' id='line_1_18' title="bbox 209 1474 1779 1524; baseline 0.001 -13"><span class='ocrx_word' id='word_1_182' title='bbox 209 1476 363 1512; x_wconf 86' lang='lat' dir='ltr'><strong>heredes</strong></span> <span class='ocrx_word' id='word_1_183' title='bbox 382 1476 494 1511; x_wconf 87' lang='lat' dir='ltr'><strong>nostri</strong></span> <span class='ocrx_word' id='word_1_184' title='bbox 515 1488 640 1511; x_wconf 90' lang='lat' dir='ltr'><strong>omnes</strong></span> <span class='ocrx_word' id='word_1_185' title='bbox 660 1482 696 1511; x_wconf 85' lang='lat' dir='ltr'><strong>et</strong></span> <span class='ocrx_word' id='word_1_186' title='bbox 715 1475 874 1524; x_wconf 83' lang='lat' dir='ltr'><strong>singulos</strong></span> <span class='ocrx_word' id='word_1_187' title='bbox 892 1475 1073 1523; x_wconf 61' lang='lat' dir='ltr'><strong>prediaos</strong></span> <span class='ocrx_word' id='word_1_188' title='bbox 1094 1487 1234 1509; x_wconf 84' lang='lat' dir='ltr'><strong>annuos</strong></span> <span class='ocrx_word' id='word_1_189' title='bbox 1253 1474 1418 1510; x_wconf 88' lang='lat' dir='ltr'><strong>redditus</strong></span> <span class='ocrx_word' id='word_1_190' title='bbox 1439 1487 1519 1510; x_wconf 90' lang='lat' dir='ltr'><strong>cum</strong></span> <span class='ocrx_word' id='word_1_191' title='bbox 1539 1476 1779 1522; x_wconf 80' lang='lat' dir='ltr'><strong>pertinenciis</strong></span> 
     </span>
     <span class='ocr_line' id='line_1_19' title="bbox 208 1543 1777 1592; baseline 0.001 -13"><span class='ocrx_word' id='word_1_192' title='bbox 208 1544 312 1579; x_wconf 54' lang='lat' dir='ltr'><strong>dictis</strong></span> <span class='ocrx_word' id='word_1_193' title='bbox 342 1544 542 1592; x_wconf 87' lang='lat' dir='ltr'><strong>capellanis</strong></span> <span class='ocrx_word' id='word_1_194' title='bbox 575 1550 610 1579; x_wconf 90' lang='lat' dir='ltr'><strong>et</strong></span> <span class='ocrx_word' id='word_1_195' title='bbox 642 1544 784 1579; x_wconf 87' lang='lat' dir='ltr'><strong>clericis</strong></span> <span class='ocrx_word' id='word_1_196' title='bbox 816 1545 853 1579; x_wconf 90' lang='lat' dir='ltr'><strong>in</strong></span> <span class='ocrx_word' id='word_1_197' title='bbox 886 1544 1052 1579; x_wconf 89' lang='lat' dir='ltr'><strong>omnibus</strong></span> <span class='ocrx_word' id='word_1_198' title='bbox 1084 1549 1120 1578; x_wconf 90' lang='lat' dir='ltr'><strong>et</strong></span> <span class='ocrx_word' id='word_1_199' title='bbox 1151 1555 1216 1590; x_wconf 87' lang='lat' dir='ltr'><strong>per</strong></span> <span class='ocrx_word' id='word_1_200' title='bbox 1244 1543 1366 1578; x_wconf 83' lang='lat' dir='ltr'><strong>omnia</strong></span> <span class='ocrx_word' id='word_1_201' title='bbox 1392 1549 1432 1578; x_wconf 88' lang='lat' dir='ltr'><strong>ut</strong></span> <span class='ocrx_word' id='word_1_202' title='bbox 1459 1544 1699 1591; x_wconf 87' lang='lat' dir='ltr'><strong>prescriptum</strong></span> <span class='ocrx_word' id='word_1_203' title='bbox 1727 1545 1777 1580; x_wconf 89' lang='lat' dir='ltr'><strong>est</strong></span> 
     </span>
     <span class='ocr_line' id='line_1_20' title="bbox 208 1611 1775 1659; baseline 0.001 -12"><span class='ocrx_word' id='word_1_204' title='bbox 208 1618 337 1647; x_wconf 85' lang='lat' dir='ltr'><strong>contra</strong></span> <span class='ocrx_word' id='word_1_205' title='bbox 364 1625 489 1647; x_wconf 87' lang='lat' dir='ltr'><strong>omnes</strong></span> <span class='ocrx_word' id='word_1_206' title='bbox 516 1612 688 1648; x_wconf 84' lang='lat' dir='ltr'><strong>mortales</strong></span> <span class='ocrx_word' id='word_1_207' title='bbox 715 1612 1022 1647; x_wconf 84' lang='lat' dir='ltr'><strong>varantizabimus</strong></span> <span class='ocrx_word' id='word_1_208' title='bbox 1050 1611 1339 1658; x_wconf 86' lang='lat' dir='ltr'><strong>acquietabimus</strong></span> <span class='ocrx_word' id='word_1_209' title='bbox 1367 1617 1402 1647; x_wconf 88' lang='lat' dir='ltr'><strong>et</strong></span> <span class='ocrx_word' id='word_1_210' title='bbox 1420 1612 1687 1659; x_wconf 88' lang='lat' dir='ltr'><strong>imperpetuum</strong></span> <span class='ocrx_word' id='word_1_211' title='bbox 1716 1615 1775 1649; x_wconf 92' lang='lat' dir='ltr'><strong>de-</strong></span> 
     </span>
     <span class='ocr_line' id='line_1_21' title="bbox 207 1679 1776 1728; baseline 0.002 -13"><span class='ocrx_word' id='word_1_212' title='bbox 207 1681 397 1716; x_wconf 89' lang='lat' dir='ltr'><strong>fendemus</strong></span> <span class='ocrx_word' id='word_1_213' title='bbox 416 1701 422 1707; x_wconf 96' lang='lat'>·</span> <span class='ocrx_word' id='word_1_214' title='bbox 442 1680 485 1715; x_wconf 92' lang='lat' dir='ltr'><strong>In</strong></span> <span class='ocrx_word' id='word_1_215' title='bbox 507 1681 609 1716; x_wconf 85' lang='lat' dir='ltr'><strong>cuius</strong></span> <span class='ocrx_word' id='word_1_216' title='bbox 636 1681 689 1716; x_wconf 90' lang='lat' dir='ltr'><strong>rei</strong></span> <span class='ocrx_word' id='word_1_217' title='bbox 717 1681 961 1716; x_wconf 87' lang='lat' dir='ltr'><strong>testimonium</strong></span> <span class='ocrx_word' id='word_1_218' title='bbox 984 1679 1098 1727; x_wconf 83' lang='lat' dir='ltr'><strong>sigilla</strong></span> <span class='ocrx_word' id='word_1_219' title='bbox 1119 1680 1243 1715; x_wconf 86' lang='lat' dir='ltr'><strong>nostra</strong></span> <span class='ocrx_word' id='word_1_220' title='bbox 1260 1680 1416 1728; x_wconf 86' lang='lat' dir='ltr'><strong>presenti</strong></span> <span class='ocrx_word' id='word_1_221' title='bbox 1436 1687 1536 1716; x_wconf 87' lang='lat' dir='ltr'><strong>carte</strong></span> <span class='ocrx_word' id='word_1_222' title='bbox 1556 1681 1677 1717; x_wconf 87' lang='lat' dir='ltr'><strong>nostre</strong></span> <span class='ocrx_word' id='word_1_223' title='bbox 1697 1683 1776 1718; x_wconf 85' lang='lat' dir='ltr'><strong>sunt</strong></span> 
     </span>
     <span class='ocr_line' id='line_1_22' title="bbox 205 1748 1775 1797; baseline 0.002 -14"><span class='ocrx_word' id='word_1_224' title='bbox 205 1749 364 1795; x_wconf 86' lang='lat' dir='ltr'><strong>appensa</strong></span> <span class='ocrx_word' id='word_1_225' title='bbox 398 1749 495 1795; x_wconf 90' lang='lat' dir='ltr'><strong>apud</strong></span> <span class='ocrx_word' id='word_1_226' title='bbox 534 1748 773 1797; x_wconf 87' lang='lat' dir='ltr'><strong>Corstorfyne</strong></span> <span class='ocrx_word' id='word_1_227' title='bbox 810 1761 856 1784; x_wconf 86' lang='lat' dir='ltr'><strong>xx</strong></span> <span class='ocrx_word' id='word_1_228' title='bbox 892 1749 951 1783; x_wconf 89' lang='lat' dir='ltr'><strong>die</strong></span> <span class='ocrx_word' id='word_1_229' title='bbox 987 1749 1116 1783; x_wconf 84' lang='lat' dir='ltr'><strong>mensis</strong></span> <span class='ocrx_word' id='word_1_230' title='bbox 1148 1748 1238 1783; x_wconf 88' lang='lat' dir='ltr'><strong>Maii</strong></span> <span class='ocrx_word' id='word_1_231' title='bbox 1276 1761 1372 1783; x_wconf 86' lang='lat' dir='ltr'><strong>anno</strong></span> <span class='ocrx_word' id='word_1_232' title='bbox 1403 1748 1554 1784; x_wconf 91' lang='lat' dir='ltr'><strong>Domini</strong></span> <span class='ocrx_word' id='word_1_233' title='bbox 1587 1750 1775 1786; x_wconf 90' lang='lat' dir='ltr'><strong>millesimo</strong></span> 
     </span>
     <span class='ocr_line' id='line_1_23' title="bbox 207 1816 1772 1858; baseline 0.001 -6"><span class='ocrx_word' id='word_1_234' title='bbox 207 1822 305 1852; x_wconf 76' lang='lat' dir='ltr'><strong>cccc⁰</strong></span> <span class='ocrx_word' id='word_1_235' title='bbox 334 1816 443 1851; x_wconf 83' lang='lat' dir='ltr'><strong>xxix·</strong></span> <span class='ocrx_word' id='word_1_236' title='bbox 471 1816 740 1858; x_wconf 63' lang='lat' dir='ltr'><strong>QuAQOnEM</strong></span> <span class='ocrx_word' id='word_1_237' title='bbox 773 1823 909 1852; x_wconf 82' lang='lat' dir='ltr'><strong>cartam</strong></span> <span class='ocrx_word' id='word_1_238' title='bbox 943 1816 1182 1852; x_wconf 85' lang='lat' dir='ltr'><strong>donacionem</strong></span> <span class='ocrx_word' id='word_1_239' title='bbox 1215 1822 1250 1851; x_wconf 90' lang='lat' dir='ltr'><strong>et</strong></span> <span class='ocrx_word' id='word_1_240' title='bbox 1282 1816 1545 1852; x_wconf 68' lang='lat' dir='ltr'><strong>concessionem</strong></span> <span class='ocrx_word' id='word_1_241' title='bbox 1581 1818 1618 1853; x_wconf 90' lang='lat' dir='ltr'><strong>in</strong></span> <span class='ocrx_word' id='word_1_242' title='bbox 1647 1819 1772 1854; x_wconf 86' lang='lat' dir='ltr'><strong>eadem</strong></span> 
     </span>
     <span class='ocr_line' id='line_1_24' title="bbox 208 1884 1773 1932; baseline 0.001 -12"><span class='ocrx_word' id='word_1_243' title='bbox 208 1891 397 1920; x_wconf 82' lang='lat' dir='ltr'><strong>contentas</strong></span> <span class='ocrx_word' id='word_1_244' title='bbox 426 1885 462 1919; x_wconf 91' lang='lat' dir='ltr'><strong>in</strong></span> <span class='ocrx_word' id='word_1_245' title='bbox 491 1885 658 1920; x_wconf 89' lang='lat' dir='ltr'><strong>omnibus</strong></span> <span class='ocrx_word' id='word_1_246' title='bbox 687 1886 830 1932; x_wconf 69' lang='lat' dir='ltr'><strong>pun&amp;is</strong></span> <span class='ocrx_word' id='word_1_247' title='bbox 859 1885 929 1920; x_wconf 81' lang='lat' dir='ltr'><strong>suis</strong></span> <span class='ocrx_word' id='word_1_248' title='bbox 961 1892 996 1920; x_wconf 90' lang='lat' dir='ltr'><strong>et</strong></span> <span class='ocrx_word' id='word_1_249' title='bbox 1025 1884 1189 1919; x_wconf 86' lang='lat' dir='ltr'><strong>articulis</strong></span> <span class='ocrx_word' id='word_1_250' title='bbox 1217 1884 1493 1920; x_wconf 89' lang='lat' dir='ltr'><strong>condicionibus</strong></span> <span class='ocrx_word' id='word_1_251' title='bbox 1521 1891 1556 1921; x_wconf 88' lang='lat' dir='ltr'><strong>et</strong></span> <span class='ocrx_word' id='word_1_252' title='bbox 1587 1886 1703 1921; x_wconf 79' lang='lat' dir='ltr'><strong>modis</strong></span> <span class='ocrx_word' id='word_1_253' title='bbox 1731 1900 1773 1922; x_wconf 87' lang='lat' dir='ltr'><strong>ac</strong></span> 
     </span>
     <span class='ocr_line' id='line_1_25' title="bbox 208 1952 1774 2002; baseline 0.001 -14"><span class='ocrx_word' id='word_1_254' title='bbox 208 1952 492 1988; x_wconf 84' lang='lat' dir='ltr'><strong>circumstanciis</strong></span> <span class='ocrx_word' id='word_1_255' title='bbox 511 1952 582 1988; x_wconf 83' lang='lat' dir='ltr'><strong>suis</strong></span> <span class='ocrx_word' id='word_1_256' title='bbox 601 1953 874 2000; x_wconf 84' lang='lat' dir='ltr'><strong>quibuscunque</strong></span> <span class='ocrx_word' id='word_1_257' title='bbox 901 1954 1018 1988; x_wconf 83' lang='lat' dir='ltr'><strong>forma</strong></span> <span class='ocrx_word' id='word_1_258' title='bbox 1043 1953 1182 2000; x_wconf 87' lang='lat' dir='ltr'><strong>pariter</strong></span> <span class='ocrx_word' id='word_1_259' title='bbox 1201 1959 1237 1988; x_wconf 90' lang='lat' dir='ltr'><strong>et</strong></span> <span class='ocrx_word' id='word_1_260' title='bbox 1259 1953 1387 1988; x_wconf 62' lang='lat' dir='ltr'><strong>effeau</strong></span> <span class='ocrx_word' id='word_1_261' title='bbox 1414 1953 1449 1987; x_wconf 89' lang='lat' dir='ltr'><strong>in</strong></span> <span class='ocrx_word' id='word_1_262' title='bbox 1469 1954 1635 1989; x_wconf 82' lang='lat' dir='ltr'><strong>omnibus</strong></span> <span class='ocrx_word' id='word_1_263' title='bbox 1655 1961 1690 1990; x_wconf 90' lang='lat' dir='ltr'><strong>et</strong></span> <span class='ocrx_word' id='word_1_264' title='bbox 1708 1968 1774 2002; x_wconf 81' lang='lat' dir='ltr'><strong>pei·</strong></span> 
     </span>
     <span class='ocr_line' id='line_1_26' title="bbox 205 2021 1774 2069; baseline 0.001 -13"><span class='ocrx_word' id='word_1_265' title='bbox 205 2022 326 2057; x_wconf 90' lang='lat' dir='ltr'><strong>omnia</strong></span> <span class='ocrx_word' id='word_1_266' title='bbox 345 2022 589 2069; x_wconf 88' lang='lat' dir='ltr'><strong>approbamus</strong></span> <span class='ocrx_word' id='word_1_267' title='bbox 616 2022 837 2057; x_wconf 84' lang='lat' dir='ltr'><strong>ratificamus</strong></span> <span class='ocrx_word' id='word_1_268' title='bbox 865 2027 901 2057; x_wconf 85' lang='lat' dir='ltr'><strong>et</strong></span> <span class='ocrx_word' id='word_1_269' title='bbox 927 2021 1194 2068; x_wconf 87' lang='lat' dir='ltr'><strong>imperpetuum</strong></span> <span class='ocrx_word' id='word_1_270' title='bbox 1214 2021 1259 2055; x_wconf 88' lang='lat' dir='ltr'><strong>ad</strong></span> <span class='ocrx_word' id='word_1_271' title='bbox 1278 2033 1423 2055; x_wconf 89' lang='lat' dir='ltr'><strong>manum</strong></span> <span class='ocrx_word' id='word_1_272' title='bbox 1444 2026 1624 2056; x_wconf 85' lang='lat' dir='ltr'><strong>mortuam</strong></span> <span class='ocrx_word' id='word_1_273' title='bbox 1645 2022 1774 2057; x_wconf 92' lang='lat' dir='ltr'><strong>confir-</strong></span> 
     </span>
     <span class='ocr_line' id='line_1_27' title="bbox 206 2088 1774 2135; baseline 0.001 -10"><span class='ocrx_word' id='word_1_274' title='bbox 206 2102 343 2125; x_wconf 85' lang='lat' dir='ltr'><strong>mamus</strong></span> <span class='ocrx_word' id='word_1_275' title='bbox 362 2089 530 2125; x_wconf 88' lang='lat' dir='ltr'><strong>faciendo</strong></span> <span class='ocrx_word' id='word_1_276' title='bbox 550 2089 635 2124; x_wconf 89' lang='lat' dir='ltr'><strong>inde</strong></span> <span class='ocrx_word' id='word_1_277' title='bbox 654 2089 758 2124; x_wconf 92' lang='lat' dir='ltr'><strong>nobis</strong></span> <span class='ocrx_word' id='word_1_278' title='bbox 785 2095 821 2124; x_wconf 89' lang='lat' dir='ltr'><strong>et</strong></span> <span class='ocrx_word' id='word_1_279' title='bbox 849 2089 1105 2124; x_wconf 76' lang='lat' dir='ltr'><strong>successoribus</strong></span> <span class='ocrx_word' id='word_1_280' title='bbox 1133 2088 1264 2123; x_wconf 87' lang='lat' dir='ltr'><strong>nostris</strong></span> <span class='ocrx_word' id='word_1_281' title='bbox 1283 2088 1367 2123; x_wconf 64' lang='lat' dir='ltr'><strong>diditi</strong></span> <span class='ocrx_word' id='word_1_282' title='bbox 1396 2089 1575 2135; x_wconf 87' lang='lat' dir='ltr'><strong>capellani</strong></span> <span class='ocrx_word' id='word_1_283' title='bbox 1595 2096 1631 2125; x_wconf 90' lang='lat' dir='ltr'><strong>et</strong></span> <span class='ocrx_word' id='word_1_284' title='bbox 1650 2090 1774 2126; x_wconf 88' lang='lat' dir='ltr'><strong>clerici</strong></span> 
     </span>
     <span class='ocr_line' id='line_1_28' title="bbox 205 2156 1772 2205; baseline 0.001 -12"><span class='ocrx_word' id='word_1_285' title='bbox 205 2158 265 2205; x_wconf 86' lang='lat' dir='ltr'><strong>qui</strong></span> <span class='ocrx_word' id='word_1_286' title='bbox 285 2170 351 2205; x_wconf 90' lang='lat' dir='ltr'><strong>pro</strong></span> <span class='ocrx_word' id='word_1_287' title='bbox 370 2164 532 2205; x_wconf 84' lang='lat' dir='ltr'><strong>tempore</strong></span> <span class='ocrx_word' id='word_1_288' title='bbox 561 2157 698 2192; x_wconf 85' lang='lat' dir='ltr'><strong>fuerint</strong></span> <span class='ocrx_word' id='word_1_289' title='bbox 725 2157 936 2192; x_wconf 88' lang='lat' dir='ltr'><strong>oracionum</strong></span> <span class='ocrx_word' id='word_1_290' title='bbox 964 2156 1132 2204; x_wconf 77' lang='lat' dir='ltr'><strong>suffragia</strong></span> <span class='ocrx_word' id='word_1_291' title='bbox 1159 2157 1371 2192; x_wconf 88' lang='lat' dir='ltr'><strong>deuotarum</strong></span> <span class='ocrx_word' id='word_1_292' title='bbox 1393 2177 1398 2183; x_wconf 93' lang='lat'>·</span> <span class='ocrx_word' id='word_1_293' title='bbox 1419 2156 1462 2192; x_wconf 92' lang='lat' dir='ltr'><strong>In</strong></span> <span class='ocrx_word' id='word_1_294' title='bbox 1485 2157 1586 2192; x_wconf 87' lang='lat' dir='ltr'><strong>cuius</strong></span> <span class='ocrx_word' id='word_1_295' title='bbox 1605 2158 1657 2193; x_wconf 87' lang='lat' dir='ltr'><strong>rei</strong></span> <span class='ocrx_word' id='word_1_296' title='bbox 1678 2159 1772 2194; x_wconf 86' lang='lat' dir='ltr'><strong>testi-</strong></span> 
     </span>
     <span class='ocr_line' id='line_1_29' title="bbox 207 2224 1772 2273; baseline 0.001 -12"><span class='ocrx_word' id='word_1_297' title='bbox 207 2226 368 2261; x_wconf 91' lang='lat' dir='ltr'><strong>monium</strong></span> <span class='ocrx_word' id='word_1_298' title='bbox 387 2226 545 2273; x_wconf 86' lang='lat' dir='ltr'><strong>presenti</strong></span> <span class='ocrx_word' id='word_1_299' title='bbox 565 2231 664 2260; x_wconf 84' lang='lat' dir='ltr'><strong>carte</strong></span> <span class='ocrx_word' id='word_1_300' title='bbox 684 2224 805 2260; x_wconf 89' lang='lat' dir='ltr'><strong>nostre</strong></span> <span class='ocrx_word' id='word_1_301' title='bbox 833 2237 1004 2271; x_wconf 85' lang='lat' dir='ltr'><strong>magnum</strong></span> <span class='ocrx_word' id='word_1_302' title='bbox 1032 2224 1184 2271; x_wconf 87' lang='lat' dir='ltr'><strong>sigillum</strong></span> <span class='ocrx_word' id='word_1_303' title='bbox 1207 2225 1368 2259; x_wconf 91' lang='lat' dir='ltr'><strong>nostrum</strong></span> <span class='ocrx_word' id='word_1_304' title='bbox 1394 2225 1522 2272; x_wconf 86' lang='lat' dir='ltr'><strong>apponi</strong></span> <span class='ocrx_word' id='word_1_305' title='bbox 1544 2227 1772 2273; x_wconf 90' lang='lat' dir='ltr'><strong>precepimus</strong></span> 
     </span>
     <span class='ocr_line' id='line_1_30' title="bbox 206 2292 1772 2340; baseline 0 -10"><span class='ocrx_word' id='word_1_306' title='bbox 206 2295 356 2331; x_wconf 88' lang='lat' dir='ltr'><strong>testibus</strong></span> <span class='ocrx_word' id='word_1_307' title='bbox 375 2295 579 2330; x_wconf 88' lang='lat' dir='ltr'><strong>reuerendo</strong></span> <span class='ocrx_word' id='word_1_308' title='bbox 599 2296 634 2329; x_wconf 92' lang='lat' dir='ltr'><strong>in</strong></span> <span class='ocrx_word' id='word_1_309' title='bbox 657 2293 803 2330; x_wconf 90' lang='lat' dir='ltr'><strong>Christo</strong></span> <span class='ocrx_word' id='word_1_310' title='bbox 822 2300 925 2340; x_wconf 85' lang='lat' dir='ltr'><strong>patre</strong></span> <span class='ocrx_word' id='word_1_311' title='bbox 943 2293 967 2328; x_wconf 85' lang='lat' dir='ltr'><strong>J</strong></span> <span class='ocrx_word' id='word_1_312' title='bbox 972 2293 1115 2328; x_wconf 86' lang='lat' dir='ltr'><strong>ohanne</strong></span> <span class='ocrx_word' id='word_1_313' title='bbox 1135 2293 1303 2340; x_wconf 86' lang='lat' dir='ltr'><strong>episcopo</strong></span> <span class='ocrx_word' id='word_1_314' title='bbox 1320 2292 1533 2340; x_wconf 83' lang='lat' dir='ltr'><strong>Glasguensi</strong></span> <span class='ocrx_word' id='word_1_315' title='bbox 1551 2294 1772 2330; x_wconf 84' lang='lat' dir='ltr'><strong>cancellario</strong></span> 
     </span>
     <span class='ocr_line' id='line_1_31' title="bbox 206 2360 1771 2412; baseline 0 -14"><span class='ocrx_word' id='word_1_316' title='bbox 206 2364 328 2398; x_wconf 83' lang='lat' dir='ltr'><strong>nostro</strong></span> <span class='ocrx_word' id='word_1_317' title='bbox 356 2362 527 2410; x_wconf 86' lang='lat' dir='ltr'><strong>magistro</strong></span> <span class='ocrx_word' id='word_1_318' title='bbox 548 2362 734 2398; x_wconf 88' lang='lat' dir='ltr'><strong>Willelmo</strong></span> <span class='ocrx_word' id='word_1_319' title='bbox 762 2361 886 2397; x_wconf 89' lang='lat' dir='ltr'><strong>Foulis</strong></span> <span class='ocrx_word' id='word_1_320' title='bbox 915 2360 1094 2409; x_wconf 86' lang='lat' dir='ltr'><strong>preposito</strong></span> <span class='ocrx_word' id='word_1_321' title='bbox 1121 2360 1271 2396; x_wconf 88' lang='lat' dir='ltr'><strong>ecclesie</strong></span> <span class='ocrx_word' id='word_1_322' title='bbox 1299 2360 1491 2408; x_wconf 84' lang='lat' dir='ltr'><strong>collegiate</strong></span> <span class='ocrx_word' id='word_1_323' title='bbox 1518 2362 1562 2397; x_wconf 92' lang='lat' dir='ltr'><strong>de</strong></span> <span class='ocrx_word' id='word_1_324' title='bbox 1588 2362 1771 2412; x_wconf 81' lang='lat' dir='ltr'><strong>Bothwyll</strong></span> 
     </span>
     <span class='ocr_line' id='line_1_32' title="bbox 206 2428 1770 2479; baseline 0.002 -14"><span class='ocrx_word' id='word_1_325' title='bbox 206 2430 354 2467; x_wconf 88' lang='lat' dir='ltr'><strong>custode</strong></span> <span class='ocrx_word' id='word_1_326' title='bbox 373 2431 507 2479; x_wconf 87' lang='lat' dir='ltr'><strong>priuati</strong></span> <span class='ocrx_word' id='word_1_327' title='bbox 536 2430 641 2478; x_wconf 86' lang='lat' dir='ltr'><strong>sigilli</strong></span> <span class='ocrx_word' id='word_1_328' title='bbox 671 2430 783 2465; x_wconf 91' lang='lat' dir='ltr'><strong>nostri</strong></span> <span class='ocrx_word' id='word_1_329' title='bbox 804 2429 958 2465; x_wconf 87' lang='lat' dir='ltr'><strong>Valtero</strong></span> <span class='ocrx_word' id='word_1_330' title='bbox 985 2429 1030 2464; x_wconf 87' lang='lat' dir='ltr'><strong>de</strong></span> <span class='ocrx_word' id='word_1_331' title='bbox 1051 2428 1188 2477; x_wconf 81' lang='lat' dir='ltr'><strong>Ogilvy</strong></span> <span class='ocrx_word' id='word_1_332' title='bbox 1208 2428 1431 2464; x_wconf 83' lang='lat' dir='ltr'><strong>thesaurario</strong></span> <span class='ocrx_word' id='word_1_333' title='bbox 1459 2430 1582 2465; x_wconf 77' lang='lat' dir='ltr'><strong>nostro</strong></span> <span class='ocrx_word' id='word_1_334' title='bbox 1600 2431 1715 2467; x_wconf 85' lang='lat' dir='ltr'><strong>milite</strong></span> <span class='ocrx_word' id='word_1_335' title='bbox 1735 2438 1770 2468; x_wconf 91' lang='lat' dir='ltr'><strong>et</strong></span> 
     </span>
     <span class='ocr_line' id='line_1_33' title="bbox 943 2499 1005 2531; baseline 0 0"><span class='ocrx_word' id='word_1_336' title='bbox 943 2499 964 2531; x_wconf 85' lang='lat'>2</span> <span class='ocrx_word' id='word_1_337' title='bbox 986 2509 1005 2531; x_wconf 82' lang='lat' dir='ltr'>P</span> 
     </span>
    </p>
   </div>
  </div>
 </body>
</html>
