2147 2964
774 279 846 315 DE
874 279 1189 316 RESTALRIG.
1286 312 1292 322 ,
1695 283 1767 318 279

197 387 323 427 portus
342 381 501 417 ciusdem
520 380 566 415 ad
587 379 887 415 sustentacionem
909 378 1013 414 vnius
1033 378 1214 425 capellani
1240 379 1472 427 prebendarii
1491 378 1587 414 infra
1606 379 1764 415 nostram

199 449 386 485 ecclesiam
417 448 647 495 collegiatam
677 447 722 482 de
756 447 935 493 Lcstalrig
961 446 1086 482 diuina
1114 446 1267 482 seruicia
1294 452 1330 482 et
1358 447 1570 482 oracionum
1597 446 1766 494 suffragia

200 517 295 552 infra
321 518 457 553 (Ιίὅὶιιῑῃ
485 516 679 563 collegium
707 515 892 562 perpetuis
920 514 1049 550 futuris
1077 514 1300 561 temporibus
1325 514 1543 550 celebraturi
1568 527 1635 562 pro
1654 515 1765 551 salute

199 585 402 620 animarum
432 583 600 619 cariffimi
629 583 743 631 patris
775 589 811 618 et
838 582 965 618 matris
995 582 1108 617 nostri
1142 595 1295 629 quorum
1323 583 1511 618 animabus
1543 584 1765 631 propicietur

199 652 301 688 Deus
321 658 357 687 et
375 664 441 699 pro
467 650 561 687 statu
588 657 624 686 et
650 650 890 699 prosperitate
919 650 1032 685 nostri
1061 656 1097 686 et
1124 650 1299 685 eariffime
1328 651 1500 686 consortis
1528 651 1647 686 nostre
1670 652 1766 687 Mar-

197 726 323 767 garete
353 719 482 766 regine
512 718 641 755 Scocie
669 724 704 754 et
730 718 966 753 successorum
990 718 1197 752 nostrorum
1225 737 1232 745 ·
1252 717 1469 753 Tenendum
1497 724 1533 754 et
1559 719 1765 755 habendum

200 794 314 823 totum
335 794 371 835 et
390 787 573 834 integrum
597 786 798 833 predictum
824 798 983 820 annuum
1011 786 1193 821 redditum
1220 785 1350 833 viginti
1377 786 1551 822 librarum
1579 789 1766 824 annuatim

199 863 236 893 et
253 856 450 892 leuandum
479 861 515 891 et
543 855 820 903 percipiendum
850 855 895 889 dc
923 853 1095 901 prediffis
1127 853 1258 888 nostris
1289 867 1399 901 opere
1428 861 1464 891 et
1493 855 1645 891 edificiis
1675 857 1769 892 infra

200 924 323 960 villam
343 924 388 959 de
407 923 517 959 Leith
544 936 625 959 cum
653 923 724 958 suis
742 923 873 958 bondis
900 929 936 958 et
962 921 1198 970 pertinenciis
1225 922 1387 968 prediSto
1408 923 1597 970 capellano
1616 925 1769 971 preben-

199 993 303 1029 dario
321 993 418 1028 infra
437 993 569 1028 dietam
589 992 777 1028 ecclesiam
802 991 1033 1038 collegiatam
1053 992 1096 1026 de
1117 990 1297 1038 Lestalrig
1315 998 1351 1026 et
1370 991 1438 1026 suis
1458 991 1712 1029 successoribus
1730 995 1767 1029 in

200 1074 327 1110 puram
347 1068 382 1097 et
400 1067 615 1109 perpetuam
643 1059 874 1097 elemosinam
903 1066 940 1096 et
957 1060 1003 1095 ad
1029 1072 1176 1095 manum
1204 1065 1383 1096 mortuam
1403 1061 1667 1109 imperpetuum
1688 1076 1768 1098 cum

202 1130 367 1166 omnibus
394 1135 430 1166 et
449 1129 598 1179 singulis
617 1130 687 1165 suis
706 1129 847 1164 iuribus
865 1128 1095 1164 libertatibus
1114 1128 1432 1164 commoditatibus
1451 1135 1486 1165 et
1505 1129 1708 1166 asiamentis
1728 1145 1769 1167 ac

202 1198 302 1235 iustis
328 1200 568 1247 pertinenciis
596 1198 666 1234 suis
694 1197 969 1245 quibuscunque
1002 1204 1074 1233 tam
1107 1210 1180 1232 non
1211 1197 1407 1233 nominatis
1439 1211 1547 1245 quam
1576 1200 1771 1236 nominatis

202 1274 275 1303 tam
295 1267 417 1303 subtus
436 1272 536 1303 terra
554 1280 663 1314 quam
691 1266 800 1313 supra
826 1272 961 1301 terram
981 1265 1107 1312 procul
1137 1271 1173 1300 et
1190 1277 1304 1312 prope
1324 1266 1369 1300 ad
1389 1266 1591 1313 predifihim
1611 1281 1770 1303 annuum

206 1336 388 1372 redditum
410 1336 541 1383 viginti
567 1336 743 1371 librarum
771 1347 852 1370 cum
879 1333 1114 1382 pertinenciis
1141 1333 1381 1380 spectantibus
1409 1335 1468 1370 seu
1496 1335 1585 1370 iuste
1613 1336 1772 1383 speaare

206 1404 410 1440 valentibus
430 1403 705 1451 quomodolibet
724 1403 762 1438 in
781 1403 941 1438 futurum
961 1401 1073 1437 libere
1093 1401 1212 1448 quiete
1230 1401 1392 1448 plenarie
1412 1403 1554 1451 integre
1573 1404 1772 1441 honorifice

206 1473 297 1507 bene
325 1478 361 1507 et
387 1472 425 1507 in
452 1485 542 1520 pace
573 1472 646 1507 sine
674 1471 916 1507 retinemento
948 1469 1190 1505 reuocacione
1218 1476 1281 1505 aut
1308 1471 1602 1507 contradiccione
1630 1474 1772 1519 quibus-

207 1553 349 1587 cunque
375 1540 586 1576 ·Faciendo
615 1545 650 1575 et
678 1538 898 1574 celebrando
930 1538 1111 1584 predifitus
1143 1537 1353 1585 capellanus
1384 1539 1646 1585 prebendarius
1678 1541 1774 1576 infra

207 1608 341 1644 dictum
369 1608 564 1655 collegium
591 1607 802 1642 oracionum
828 1605 997 1652 suffragia
1023 1605 1061 1640 in
1089 1605 1278 1640 cantandis
1304 1612 1339 1641 et
1358 1606 1523 1642 dicendis
1542 1609 1772 1645 oracionibus

208 1677 304 1712 infra
331 1676 536 1712 huiusmodi
568 1675 761 1722 collegium
793 1686 859 1721 pro
891 1673 1003 1708 salute
1033 1674 1238 1710 animarum
1269 1680 1304 1709 et
1331 1675 1569 1722 prosperitate
1597 1677 1710 1713 nostri
1738 1686 1773 1714 et

207 1744 362 1779 aliarum
389 1744 625 1791 personarum
653 1741 917 1777 antedictarum
946 1740 1109 1776 similiter
1136 1748 1171 1776 et
1199 1742 1325 1777 eodem
1354 1743 1461 1778 modo
1482 1750 1519 1779 vt
1544 1745 1677 1793 reliqui
1694 1760 1774 1795 pre-

208 1812 374 1848 bendarii
393 1811 551 1847 eiusdem
571 1809 715 1857 collegii
741 1809 879 1844 faciunt
898 1816 933 1844 et
952 1809 1139 1844 celebrant
1158 1829 1164 1836 ·
1184 1810 1242 1845 Ac
1261 1810 1375 1846 eciam
1393 1811 1555 1847 volumus
1576 1820 1612 1849 et
1631 1815 1773 1850 ordina-

209 1893 287 1916 mus
307 1880 406 1927 quod
432 1879 616 1926 predictus
645 1877 855 1925 capellanus
882 1883 918 1912 et
944 1877 1207 1924 prebendarius
1227 1878 1267 1914 fit
1286 1886 1457 1926 expertus
1475 1881 1511 1915 in
1531 1881 1665 1918 musica
1683 1883 1774 1919 fimi-

210 1950 293 1985 liter
309 1954 347 1984 vt
362 1948 494 1995 reliqui
512 1947 746 1995 prebendarii
767 1946 912 1993 collegii
931 1945 1103 1981 antediffi
1114 1967 1121 1974 ·
1134 1945 1286 1994 Insuper
1302 1947 1463 1983 volentes
1478 1956 1514 1984 et
1529 1949 1774 1988 desiderantes

212 2017 381 2063 suffragia
399 2022 435 2051 et
453 2015 580 2051 diuina
598 2014 751 2050 seruicia
770 2013 952 2049 obseruari
972 2018 1006 2048 ot
1026 2013 1290 2049 incrementum
1310 2015 1510 2051 eorundem
1529 2017 1624 2053 infra
1638 2019 1771 2055 di&um

212 2084 406 2132 collegium
434 2083 598 2119 dedimus
626 2088 662 2118 et
689 2081 924 2118 concessimus
954 2087 990 2116 et
1020 2081 1088 2116 hac
1119 2081 1277 2128 presenti
1307 2089 1409 2119 carta
1436 2085 1558 2120 nostra
1584 2086 1711 2122 damus
1738 2096 1774 2123 et

212 2152 445 2189 concedimus
464 2151 625 2186 nostrum
644 2150 846 2198 plenarium
873 2149 1081 2184 consensum
1109 2149 1281 2186 assensum
1300 2157 1336 2187 et
1354 2152 1566 2199 potestatem
1586 2156 1773 2191 venerabi-

213 2222 305 2257 libus
323 2221 360 2256 in
378 2220 523 2256 Christo
542 2219 704 2267 patribus
725 2217 886 2265 Georgio
905 2217 1027 2252 abbati
1046 2218 1254 2254 monasterii
1270 2219 1400 2255 Sancte
1417 2220 1547 2257 Crucis
1562 2228 1598 2257 ct
1611 2222 1635 2258 J
1639 2223 1772 2259 ohanni

213 2288 335 2325 abbati
355 2288 399 2323 de
418 2287 456 2323 N
459 2286 635 2323 ewbottill
654 2285 901 2322 commissariis
919 2291 955 2320 et
973 2285 1142 2333 deligatis
1169 2286 1370 2323 sanctissimi
1389 2289 1525 2324 domini
1544 2289 1656 2326 nostri
1675 2291 1773 2339 Pape

212 2358 250 2392 in
268 2356 338 2392 hac
357 2361 461 2403 parte
489 2354 708 2390 coniunfitim
729 2360 766 2389 et
784 2353 924 2389 diuifim
953 2353 998 2388 ad
1026 2354 1238 2402 erigendam
1263 2356 1566 2404 incorporandam
1587 2364 1623 2394 et
1641 2372 1774 2395 annex-

213 2425 345 2460 andam
364 2423 560 2471 predictam
581 2421 821 2469 capellaniam
848 2421 886 2456 in
907 2434 1014 2456 vnam
1042 2422 1192 2458 liberam
1216 2425 1438 2471 prebendam
1458 2425 1553 2461 insra
1572 2427 1773 2473 pre<li6tum
