2147 2964
806 300 877 336 DE
905 301 971 337 RE
977 300 1212 337 STALRIG.
1722 304 1795 336 ‘283

224 399 271 434 fic
303 400 400 446 quod
431 400 656 447 presentacio
690 400 923 448 personarum
959 399 1174 435 idonearum
1211 399 1256 434 ad
1293 398 1426 434 dietum
1461 399 1677 434 decanatum
1711 412 1793 434 cum

224 479 356 502 vacare
384 468 581 516 contigerit
608 469 653 504 ad
681 480 747 503 nos
774 474 810 503 et
837 467 1052 503 successores
1080 466 1221 502 nostros
1249 479 1352 514 reges
1379 465 1508 502 Scoeie
1536 478 1603 513 pro
1632 472 1793 514 tempore

225 534 377 570 collacio
406 548 492 571 vero
521 542 558 571 et
586 534 770 571 institucio
799 535 845 571 ad
875 535 1009 570 dietum
1042 534 1293 571 sanaiffimum
1325 535 1510 569 dominum
1538 533 1700 569 nostrum
1728 547 1794 581 pro

224 610 387 649 tempore
408 622 414 629 ·
433 603 661 650 presentacio
691 615 778 638 vero
808 603 1135 649 prebendariorum
1169 603 1214 638 ad
1245 615 1310 637 nos
1342 607 1379 637 et
1410 600 1625 636 successores
1653 601 1795 637 nostros

224 682 331 718 reges
360 669 487 706 Scoeie
514 683 581 717 pro
609 677 772 717 tempore
801 669 952 705 collaeio
977 683 1064 705 vero
1089 676 1125 705 et
1151 669 1336 704 institueio
1356 669 1402 704 ad
1421 669 1599 704 decanum
1619 669 1708 704 dieti
1725 670 1796 705 col-

224 737 310 782 legii
329 737 584 784 spe&abuntur
602 743 638 772 et
655 737 937 785 pertinebuntur
956 758 963 766 ·
985 737 1146 773 Habebit
1171 737 1244 783 ipse
1270 737 1430 771 decanus
1457 748 1524 782 pro
1543 737 1606 770 sua
1624 736 1795 772 sustenta-

225 805 329 840 cione
343 805 538 840 re&oriam
553 804 702 840 ecclesie
721 804 961 852 perrochialis
976 805 1021 840 de
1036 804 1200 840 Leswaid
1220 816 1301 839 cum
1321 803 1390 838 suis
1406 804 1580 838 connexis
1595 810 1630 839 et
1645 806 1796 839 annexis

225 878 263 908 ut
277 873 315 907 in
331 873 430 908 bulla
448 872 650 909 ereccionis
670 878 823 908 cauetur
841 885 986 908 necnon
1005 873 1130 908 decem
1149 872 1299 908 libratas
1319 879 1501 907 terrarum
1520 872 1682 907 iacentes
1702 873 1797 908 infra

223 940 455 988 perrochiam
474 941 519 976 de
544 940 722 977 Strabrok
749 946 978 988 nuncupatas
1006 940 1169 976 Kirkhill
1196 953 1263 987 pro
1290 940 1398 987 gleba
1426 946 1465 975 ut
1492 940 1529 975 in
1559 947 1661 976 carta
1687 941 1793 976 dona-

224 1008 337 1044 cionis
356 1021 420 1056 per
440 1009 575 1044 distum
594 1009 757 1044 nostrum
777 1021 885 1044 auum
911 1008 1006 1044 faaa
1025 1008 1234 1044 continetur
1251 1009 1488 1055 mansumque
1508 1015 1543 1043 et
1562 1015 1681 1044 ortum
1702 1010 1796 1045 dieto

225 1077 380 1125 collegio
400 1078 591 1126 contiguos
611 1098 618 1105 -
637 1078 841 1125 subibitque
869 1090 982 1113 onera
1001 1077 1085 1112 diai
1113 1077 1257 1125 collegii
1283 1076 1477 1124 sequencia
1497 1077 1665 1113 videlicet
1683 1079 1795 1124 ipsum

224 1145 416 1193 collegium
434 1146 472 1181 in
492 1146 642 1181 tefituris
660 1146 820 1181 fenistris
841 1147 966 1182 vitreis
993 1145 1235 1181 luminaribus
1263 1146 1366 1181 libris
1394 1146 1569 1182 calicibus
1589 1159 1631 1182 ac
1650 1146 1797 1194 singulis

225 1214 368 1262 collegii
396 1215 620 1250 ornamentis
648 1227 805 1250 vnacum
832 1215 1099 1250 sustentacione
1128 1214 1283 1249 duorum
1317 1227 1514 1261 puerorum
1546 1216 1796 1250 manutenebit

225 1290 260 1319 et
286 1282 498 1318 sustentabit
525 1295 568 1318 ac
596 1283 711 1318 eciam
743 1283 892 1318 chorum
927 1281 1076 1318 ecclesie
1107 1281 1346 1330 perrochialis
1374 1283 1419 1317 de
1447 1282 1610 1318 Leswaid
1638 1283 1675 1317 in
1704 1287 1797 1318 testo

225 1350 424 1398 parietibus
443 1357 480 1386 et
498 1350 644 1398 singulis
663 1352 813 1386 reetoris
831 1351 1059 1398 pefitantibus
1084 1362 1167 1385 cum
1187 1362 1276 1397 opus
1296 1350 1405 1385 fuerit
1423 1351 1637 1386 reformabit
1656 1351 1797 1399 eritque

225 1419 280 1454 vir
299 1419 499 1466 approbate
519 1419 592 1454 vite
611 1425 647 1454 et
667 1419 896 1466 qualificatus
924 1419 960 1453 in
981 1417 1147 1453 omnibus
1165 1424 1275 1464 prout
1297 1417 1333 1452 in
1354 1418 1449 1453 dieta
1468 1418 1566 1453 bulla
1585 1419 1797 1466 principalis

225 1487 425 1522 ereccionis
443 1498 510 1533 per
529 1486 664 1521 dietum
683 1485 933 1522 sanffiffimum
953 1485 1139 1521 dominum
1165 1485 1327 1520 nostrum
1348 1491 1499 1521 cauetur
1520 1509 1526 1515 -
1547 1486 1690 1522 Primus
1711 1500 1796 1523 vero

224 1554 485 1602 prebendarius
504 1554 584 1601 post
604 1555 782 1589 decanum
806 1554 995 1589 vocabitur
1011 1552 1148 1600 Operis
1163 1554 1313 1601 Regalis
1333 1554 1377 1589 de
1397 1553 1506 1590 Leith
1521 1574 1528 1582 ·
1543 1554 1612 1590 erit
1631 1554 1666 1590 in
1687 1564 1795 1591 cantu

224 1630 260 1658 et
278 1623 444 1658 discantu
463 1622 659 1657 admodum
682 1622 821 1669 peritus
848 1622 885 1656 in
913 1622 1130 1669 organisque
1150 1622 1246 1656 lusor
1265 1622 1348 1657 satis
1369 1622 1558 1657 instrufitus
1577 1622 1795 1670 habebitque

225 1704 291 1738 pro
310 1691 387 1726 eius
406 1690 672 1726 sustentacione
691 1690 822 1737 viginti
841 1690 953 1725 libras
972 1690 1082 1725 annui
1103 1690 1268 1725 redditus
1289 1689 1424 1737 Operis
1444 1689 1592 1738 Regalis
1619 1689 1737 1726 situati
1756 1692 1793 1726 in

225 1758 333 1794 Leith
353 1759 551 1794 secundum
570 1765 735 1794 tenorem
755 1764 855 1793 carte
874 1758 1088 1793 donacionis
1116 1770 1182 1804 per
1201 1757 1335 1792 dietum
1362 1764 1501 1805 patrem
1521 1758 1683 1793 nostrum
1702 1759 1794 1794 faece

226 1839 381 1862 vnacum
402 1839 545 1862 camera
563 1832 599 1861 et
618 1832 699 1862 orto
718 1839 761 1861 ac
781 1825 877 1861 scola
896 1826 1121 1861 cantacionis
1136 1846 1143 1853 ·
1159 1826 1303 1873 insuper
1322 1825 1535 1861 sustentabit
1553 1826 1643 1861 duos
1661 1839 1793 1874 pueros

226 1895 262 1930 in
288 1894 401 1930 choro
428 1894 591 1941 quotidie
623 1900 659 1929 et
690 1893 878 1929 annuatim
909 1893 945 1928 in
974 1893 1087 1929 choro
1114 1893 1430 1929 administraturos
1457 1894 1593 1930 dociles
1620 1902 1657 1931 et
1684 1903 1792 1931 cantu

225 1962 362 2010 peritos
381 1962 427 1997 ad
447 1961 671 1996 voluntatem
691 1960 822 1996 decani
849 1973 913 2008 pro
941 1967 1104 2009 tempore
1132 1962 1373 2008 imponendos
1401 1967 1437 1997 et
1463 1974 1507 1997 ex
1535 1963 1641 1998 causa
1658 1964 1794 1998 amoui-

227 2031 316 2066 biles
336 2030 398 2077 qui
425 2030 471 2065 ad
498 2029 709 2064 mandatum
736 2028 882 2064 sacriste
910 2041 1105 2076 campanas
1132 2029 1324 2077 pulsabunt
1351 2029 1545 2064 luminaria
1571 2042 1638 2076 pro
1660 2030 1793 2065 diuinis

226 2098 430 2134 accendent
448 2110 491 2133 ac
509 2096 630 2132 focum
650 2096 722 2132 siue
748 2096 868 2144 ignem
887 2109 954 2144 pro
979 2097 1110 2132 eisdem
1136 2097 1380 2132 accendendis
1407 2097 1655 2144 importabunt
1679 2098 1791 2133 ecele-

226 2166 312 2202 fiam
331 2171 500 2213 tergeant
527 2171 563 2200 et
590 2165 627 2199 in
654 2163 843 2200 honestate
871 2164 1089 2200 conseruent
1116 2170 1310 2211 ceteraque
1338 2165 1475 2200 saciant
1502 2165 1699 2201 necessaria
1726 2162 1792 2213 pro

227 2235 359 2270 decore
379 2232 527 2269 ecclesie
546 2245 611 2280 pro
631 2245 785 2279 quorum
804 2244 1002 2279 puerorum
1021 2231 1287 2268 sustentacione
1306 2233 1465 2268 decanus
1484 2233 1597 2269 soluet
1613 2234 1659 2269 de
1678 2233 1792 2269 thecis

226 2302 295 2338 suis
314 2304 395 2336 oao
413 2301 523 2336 libras
550 2300 738 2336 annuatim
767 2305 910 2335 monete
938 2298 1065 2335 Scoeie
1095 2300 1190 2335 dia-0
1220 2300 1336 2347 primo
1364 2301 1606 2347 prebendario
1636 2302 1681 2337 ad
1707 2314 1792 2349 qua-

226 2376 309 2406 tuor
338 2368 423 2404 anni
455 2368 631 2404 terminos
659 2366 876 2414 subscriptos
907 2379 972 2415 per
1001 2367 1147 2414 equales
1176 2367 1368 2414 porciones
1398 2368 1605 2415 leuabitque
1633 2370 1792 2405 decanus

226 2449 385 2473 annuum
412 2436 594 2471 redditum
623 2435 708 2470 diffi
736 2434 856 2482 operis
884 2441 920 2470 et
945 2441 1085 2482 gratam
1114 2434 1334 2470 solucionem
1363 2435 1457 2471 (Ιίᾶο
1484 2436 1726 2483 prebendario
1745 2440 1790 2473 ad
