2147 2964
304 304 361 339 cvi
945 298 1234 335 APPENDIX.

303 402 443 444 ejusdem
459 400 573 433 Jacobi
590 399 727 431 Secundi
742 402 774 431 et
791 398 890 430 Marie
905 398 1026 440 prefate
1041 401 1135 430 natus
1150 398 1297 440 perficere
1313 397 1452 429 intendit
1490 398 1558 430 Nos
1572 397 1667 429 etiam
1684 400 1749 429 tam
1767 397 1880 429 Jacobi

304 457 390 490 tertii
405 467 502 499 quam
518 455 619 487 Marie
641 455 773 486 illustris
788 453 954 496 genetricis
969 464 1024 485 sue
1039 453 1252 495 predictorum
1268 453 1516 486 consideratione
1531 464 1566 485 ac
1582 457 1619 485 ut
1641 453 1700 494 ipsi
1717 452 1825 484 fideles
1840 452 1881 484 ad

304 512 485 555 hujusmodi
501 511 701 543 devotionem
717 514 748 542 et
763 509 905 542 subsidia
927 509 1095 551 prestanda
1118 509 1296 551 promptius
1319 509 1509 541 inducantur
1524 512 1619 551 atque
1642 509 1882 540 inflammentur

305 580 368 610 quo
383 579 423 600 ex
445 567 504 599 hoc
525 567 643 599 ibidem
658 567 741 598 dono
756 565 878 598 celestis
893 565 994 607 gratie
1010 565 1137 596 uberius
1152 569 1384 606 conspexerunt
1398 575 1430 596 se
1445 565 1575 596 refectos
1590 564 1629 596 de
1645 563 1881 605 Oinnipotentis

306 625 368 656 Dei
385 623 595 656 misericordia
607 633 642 655 ac
659 623 823 654 beatorum
840 621 927 653 Petri
942 624 974 653 et
988 620 1079 652 Pauli
1094 620 1307 662 apostolorum
1323 619 1390 661 ejus
1401 619 1589 652 auctoritate
1604 619 1713 652 confisi
1730 619 1882 651 universis

307 680 470 722 utriusque
493 690 585 711 sexus
607 678 829 719 undecumque
844 677 1052 709 existentibus
1068 687 1139 708 vere
1157 675 1371 717 penitentibus
1387 679 1418 707 et
1441 675 1587 707 confessis
1603 675 1720 707 Christi
1737 675 1882 706 fidelibus

306 736 362 778 qui
378 735 500 768 decima
516 734 566 766 die
589 734 705 766 mensis
721 733 803 765 Julii
825 743 888 774 qua
911 731 1066 764 dedicatio
1088 731 1187 773 ipsius
1210 730 1337 763 ecclesie
1363 731 1471 762 existit
1495 734 1526 762 et
1546 731 1632 762 illius
1655 731 1706 762 die
1730 736 1840 762 octava
1864 741 1883 761 a

307 792 418 834 primis
447 791 582 832 vesperis
612 800 710 831 usque
737 789 777 820 ad
803 788 956 820 secundas
982 798 1126 829 vesperas
1152 787 1304 818 inclusive
1330 787 1514 828 hujusmodi
1539 786 1701 818 ecclesiam
1729 786 1883 827 capellam

306 853 364 880 aut
398 846 564 888 Hospitale
593 845 685 877 corde
722 843 850 876 contriti
887 846 919 875 et
956 854 1008 875 ore
1041 843 1172 875 confessi
1206 842 1239 874 in
1278 842 1396 884 prefixo
1434 842 1652 884 quinquennio
1687 842 1884 873 visitaverint

307 908 403 945 atque
429 912 542 933 manus
573 900 742 943 adjutrices
768 900 843 932 huic
866 899 917 941 pio
940 899 1026 940 operi
1055 909 1111 940 pro
1141 899 1236 930 modo
1266 898 1456 930 facultatum
1483 909 1611 929 suarum
1636 901 1669 929 et
1692 898 1730 928 de
1755 896 1884 929 consilio

307 957 488 991 confessoris
510 957 559 989 sui
575 956 738 988 existentis
754 966 793 987 ex
815 954 974 996 deputatis
997 956 1033 986 ut
1056 954 1138 985 infra
1160 953 1277 985 (licitur
1298 957 1505 996 porrexerunt
1526 964 1562 985 ac
1585 954 1629 985 eis
1651 953 1705 996 qui
1729 953 1885 995 legittime

308 1013 453 1056 impediti
468 1012 681 1045 visitationem
696 1011 770 1043 hinc
786 1015 823 1042 ut
838 1011 1008 1042 voluissent
1024 1010 1124 1042 facere
1146 1021 1209 1041 non
1232 1010 1392 1051 potuerint
1415 1020 1534 1042 necnon
1558 1009 1748 1051 pauperibus
1765 1009 1884 1041 Christi

309 1069 456 1101 fidelibus
471 1069 503 1100 in
521 1068 630 1100 eadem
646 1067 775 1099 ecclesia
789 1067 853 1098 sive
869 1065 1029 1107 Hospitali
1046 1076 1101 1107 pro
1116 1068 1256 1107 tempore
1266 1065 1455 1107 degentibus
1470 1065 1524 1107 qui
1540 1065 1620 1097 inibi
1636 1065 1836 1097 decesserunt
1852 1065 1884 1096 in

309 1125 418 1157 mortis
430 1124 563 1157 articulo
578 1123 655 1155 alias
670 1123 767 1156 etiam
779 1123 871 1154 corde
883 1121 1025 1154 contritis
1040 1124 1072 1153 et
1087 1125 1244 1162 quantum
1260 1121 1496 1153 recordarentur
1511 1131 1562 1152 ore
1578 1120 1724 1152 confessis
1740 1120 1884 1152 omnium

309 1184 507 1222 peccatorum
525 1179 695 1211 criminum
718 1181 749 1210 et
771 1188 955 1210 excessuum
978 1187 1107 1209 suorum
1129 1176 1224 1207 etiam
1241 1176 1275 1208 in
1291 1177 1413 1209 casibus
1429 1176 1501 1208 Sedi
1517 1176 1698 1218 Apostolice
1721 1175 1886 1207 reservatis

310 1236 482 1277 plenariam
498 1234 729 1267 absolutionem
745 1244 781 1265 ac
797 1232 1029 1273 indulgentiam
1045 1236 1152 1264 tenore
1168 1232 1361 1273 presentium
1377 1232 1577 1263 concedimus
1592 1235 1625 1263 et
1634 1231 1806 1273 elargimur
1818 1242 1885 1272 pre-

309 1291 451 1324 sentibus
466 1291 499 1322 in
516 1291 566 1322 die
581 1290 663 1322 dicte
679 1289 884 1321 dedicationis
899 1288 975 1320 anni
992 1287 1128 1329 proximi
1148 1287 1249 1318 futuri
1272 1287 1411 1328 primum
1428 1287 1622 1319 inchoatur-is
1637 1297 1673 1318 ac
1688 1291 1725 1318 ut
1740 1286 1886 1328 deinceps

309 1348 449 1389 sequitur
472 1347 510 1378 de
526 1345 742 1387 quinquennio
765 1345 797 1375 in
821 1343 1075 1385 quinquennium
1097 1353 1197 1384 usque
1212 1342 1446 1384 quinquaginta
1469 1353 1569 1374 annos
1584 1346 1711 1374 tantum
1727 1342 1887 1374 duraturis

310 1403 445 1444 Insuper
460 1412 585 1444 quoque
600 1404 636 1433 ut
652 1400 728 1432 dicti
744 1399 851 1431 fideles
865 1398 959 1430 sicuti
981 1398 1177 1439 prediximus
1192 1398 1356 1430 visitantes
1371 1402 1403 1429 et
1418 1397 1612 1439 porrigentes
1626 1397 1750 1429 facilius
1766 1397 1888 1429 anima-

309 1469 381 1490 rum
397 1468 525 1489 suarum
536 1457 670 1489 salutem
682 1458 714 1488 et
726 1455 868 1487 divinam
883 1454 1129 1486 misericordiam
1145 1454 1293 1495 consequi
1305 1453 1432 1485 valeant
1447 1453 1673 1485 confessoribus
1689 1453 1818 1494 ydoneis
1834 1464 1888 1495 per

310 1514 460 1546 dilectum
478 1513 579 1545 filium
602 1512 795 1554 prepositum
811 1511 893 1542 dicte
909 1509 1034 1541 ecclesie
1056 1514 1088 1541 et
1103 1509 1300 1541 collectorem
1316 1509 1496 1551 Apostolice
1512 1509 1644 1542 Camere
1667 1520 1722 1551 pro
1746 1512 1888 1550 tempore

309 1570 478 1601 existentes
490 1569 585 1610 juxta
596 1566 824 1600 confluentium
839 1565 982 1597 fidelium
993 1565 1228 1597 concursionem
1244 1569 1337 1607 prout
1348 1565 1516 1607 expediens
1528 1564 1686 1596 videbitur
1697 1565 1888 1607 deputandis

309 1625 499 1657 secularibus
513 1624 561 1655 vel
573 1632 833 1665 quorumcunque
849 1621 994 1653 ordinum
1011 1621 1208 1662 regularibus
1222 1621 1255 1652 in
1272 1621 1357 1652 dicta
1373 1620 1601 1662 quinquennali
1617 1621 1667 1652 die
1682 1621 1888 1653 dedicationis

310 1680 491 1722 hujusmodi
502 1682 636 1721 quatuor
647 1678 757 1710 diebus
769 1680 842 1709 ante
854 1681 886 1708 et
897 1679 1033 1718 quatuor
1046 1679 1114 1717 post
1126 1676 1201 1708 etin
1213 1675 1332 1707 octavis
1344 1686 1452 1707 eorum
1465 1674 1709 1707 confessionibus
1720 1676 1887 1717 diligenter

311 1737 427 1769 auditis
447 1747 503 1778 pro
519 1735 692 1768 commissis
708 1734 847 1766 debitam
863 1733 1093 1765 absolutionem
1107 1731 1311 1773 impendendi
1326 1735 1358 1763 et
1373 1730 1579 1772 penitentiam
1596 1730 1764 1763 salutarem
1781 1731 1887 1773 injun-

311 1793 405 1834 gendi
421 1792 547 1835 plenam
558 1794 589 1823 et
604 1791 736 1822 liberam
751 1789 848 1821 etiam
864 1792 972 1820 tenore
983 1787 1175 1829 presentium
1189 1786 1388 1818 concedimus
1403 1786 1586 1818 facultatem
1608 1786 1764 1818 Volumus
1780 1792 1887 1818 autem

313 1848 397 1889 quod
412 1847 542 1889 pecunie
559 1857 636 1889 quas
659 1856 714 1888 pro
737 1843 936 1886 indulgentia
956 1843 1139 1884 hujusmodi
1153 1842 1355 1884 consequenti
1371 1852 1425 1883 per
1441 1841 1546 1873 fideles
1561 1841 1637 1882 ipsis
1651 1841 1771 1883 erogari
1787 1842 1887 1874 eonti-

314 1904 394 1946 gerit
410 1903 442 1934 in
461 1914 523 1934 una
538 1913 631 1944 capsa
642 1901 767 1933 duabus
782 1900 922 1932 clavibus
938 1899 1113 1931 claudenda
1127 1897 1263 1929 fideliter
1272 1901 1304 1929 et
1315 1897 1483 1939 vigilanter
1498 1900 1719 1929 conserventur
1733 1897 1887 1938 ipsarum-

314 1971 374 2002 que
390 1959 527 1991 olavium
543 1969 642 1990 unam
656 1957 832 2000 prepositus
847 1956 988 1998 prefatus
1003 1959 1034 1987 et
1050 1955 1113 1986 duo
1127 1954 1262 1985 seniores
1277 1953 1416 1994 ejusdem
1434 1952 1566 1993 Collegii
1581 1952 1712 1984 alteram
1723 1963 1795 1984 vero
1805 1953 1888 1985 dicte

315 2016 447 2048 Camere
472 2015 504 2046 in
532 2025 627 2056 regno
655 2013 760 2046 Scocie
786 2013 931 2045 collector
957 2022 1013 2053 pro
1037 2014 1176 2052 tempore
1200 2009 1370 2041 existentes
1396 2012 1501 2040 tenere
1521 2008 1656 2040 debeant
1681 2008 1887 2050 omniumque

316 2071 521 2112 pecuniarum
536 2073 567 2102 et
590 2080 694 2102 rerum
709 2080 748 2100 ex
768 2067 952 2110 hujusmodi
967 2065 1179 2099 oblationibus
1194 2070 1225 2097 et
1241 2063 1417 2096 elemosinis
1439 2063 1692 2105 provenientium
1708 2064 1801 2095 tertia
1817 2075 1888 2105 pars

316 2127 438 2168 integra
460 2129 491 2158 et
514 2125 580 2157 sine
603 2125 668 2156 ulla
689 2124 800 2156 fraude
822 2134 878 2165 pro
894 2122 1073 2154 defensione
1088 2125 1120 2153 et
1135 2124 1308 2162 augmento
1323 2119 1397 2151 fidei
1413 2118 1575 2152 Catholice
1597 2118 1744 2150 adversus
1767 2118 1888 2161 impiis-

317 2182 412 2214 simos
426 2180 735 2221 efferratissimosque
751 2178 869 2211 Christi
886 2178 1023 2210 nominis
1045 2176 1189 2209 inimicos
1204 2176 1306 2208 eidem
1321 2174 1502 2217 Apostolice
1517 2173 1647 2206 Camere
1668 2179 1842 2206 reservetur
1857 2180 1888 2207 et

317 2237 466 2269 continuo
481 2247 536 2278 per
551 2235 686 2267 eundem
701 2234 899 2267 collectorem
914 2232 1095 2265 fidelissime
1110 2230 1384 2272 efficacissimeque
1399 2229 1590 2272 percipiatur
1604 2229 1754 2261 reddatur
1769 2233 1801 2261 et
1815 2240 1888 2262 con-

318 2292 457 2333 signetur
473 2291 590 2333 relique
605 2294 712 2323 autem
728 2290 790 2322 due
805 2290 897 2322 tertie
911 2300 967 2331 per
981 2287 1175 2330 prepositum
1187 2289 1219 2319 et
1230 2287 1308 2319 duos
1319 2286 1454 2318 seniores
1469 2284 1642 2317 antedictos
1657 2285 1690 2316 in
1706 2284 1887 2327 hujusmodi

319 2347 507 2389 perficienda
529 2347 652 2378 edificia
674 2346 849 2388 supplenda
871 2348 1057 2377 ornamenta
1078 2342 1350 2384 muniendumque
1371 2344 1404 2374 et
1423 2340 1693 2372 manutenendum
1712 2340 1887 2382 Collegium

320 2412 530 2444 pauperesque
546 2405 641 2443 atque
662 2401 768 2433 locum
791 2400 974 2443 hujusmodi
996 2400 1165 2431 dumtaxat
1180 2401 1211 2430 et
1234 2408 1297 2430 non
1312 2397 1404 2429 aliter
1419 2406 1543 2438 quoquo
1559 2395 1651 2427 modo
1666 2399 1889 2428 convertantur

319 2457 459 2499 alioquin
475 2456 617 2488 collector
632 2455 807 2497 prepositus
822 2459 853 2487 et
869 2455 1003 2487 seniores
1017 2454 1077 2496 ipsi
1093 2454 1155 2486 duo
1171 2453 1226 2496 qui
1240 2453 1324 2496 quod
1340 2452 1422 2485 absit
1437 2462 1524 2484 secus
1539 2451 1639 2483 facere
1648 2455 1704 2483 aut
1716 2451 1888 2483 oblationes
