2147 2964
207 807 253 842 64

209 1769 256 1805 65

316 296 384 328 122
616 291 932 329 REGISTRUM
959 292 1213 329 ECCLESIE
1243 293 1585 331 COLLEGIATE

317 391 492 428 Scotland
516 397 552 426 at
574 419 580 426 .
605 419 612 425 .
635 419 642 426 .
662 391 890 427 Alhallomes
919 391 1139 428 Candelmes
1161 420 1168 427 .
1190 421 1197 427 .
1220 420 1227 427 .
1245 381 1399 428 Beltane
1427 394 1499 428 and
1519 421 1527 428 .
1550 421 1557 427 .
1581 422 1588 428 .
1608 392 1801 429 Lambmes
1823 422 1829 429 .
1851 424 1857 429 .
1880 423 1887 428 .

318 463 359 495 11
384 460 547 496 October
567 460 674 498 1557.

319 615 431 651 Carta
460 614 651 650 coniunfflze
679 613 939 649 infeodationis
966 613 1141 649 Willelmi
1170 613 1352 649 Borthuik
1380 620 1415 649 et
1446 613 1646 650 Catherine
1678 613 1889 650 Crechtoun

318 683 395 719 eius
414 683 540 730 sponse
560 683 605 718 de
625 682 732 718 terris
751 681 909 729 Soltray.

322 788 519 845 OMNIBUS
547 835 553 841 .
577 835 582 841 .
606 835 612 842 .
634 807 801 841 dominus
840 805 1024 853 Georgius
1062 805 1310 853 Clappertoun
1345 804 1544 854 prepositus
1566 833 1574 841 .
1594 834 1601 841 .
1623 834 1631 841 .
1651 806 1801 842 salutem
1823 834 1829 840 .
1853 834 1858 840 .
1882 835 1887 840 .

321 876 512 912 Noueritis
539 888 596 910 me
617 902 625 910 .
647 903 654 909 .
677 903 683 909 .
703 872 906 909 coneeffiffe
926 900 934 907 .
958 901 965 908 .
987 902 995 908 .
1017 873 1204 908 willelmo
1233 873 1415 909 Borthuik
1447 874 1492 909 de
1524 873 1672 922 Soltray
1702 873 1824 909 Manis
1856 882 1890 909 et

322 944 522 980 Catherine
544 942 757 979 Crechtoun
785 943 844 977 sue
864 942 987 989 sponse
1009 970 1016 976 .
1039 969 1046 976 .
1068 971 1073 976 .
1095 949 1130 977 et
1148 943 1345 978 heredibus
1371 943 1467 978 inter
1491 943 1584 991 ipsos
1605 972 1611 978 .
1634 971 1640 977 .
1665 971 1671 979 .
1691 944 1892 991 procreatis

322 1042 328 1048 .
347 1041 354 1048 .
373 1041 380 1048 .
397 1012 527 1059 quibus
546 1011 800 1047 deficientibus
822 1039 828 1046 .
852 1039 859 1046 .
882 1038 889 1046 .
910 1011 1105 1046 heredibus
1127 1039 1134 1046 .
1157 1039 1164 1046 .
1185 1039 1191 1046 .
1209 1011 1387 1047 Willelmi
1404 1011 1679 1059 quibuscunque
1698 1040 1705 1046 .
1723 1039 1730 1047 .
1752 1039 1758 1047 .
1775 1018 1892 1048 terras

321 1094 418 1118 meas
449 1082 494 1116 de
527 1080 672 1128 Soltray
704 1080 835 1116 Bernis
869 1093 951 1116 cum
980 1079 1191 1115 molendino
1221 1106 1228 1113 .
1250 1106 1256 1113 .
1280 1107 1287 1114 .
1313 1092 1459 1114 necnon
1481 1107 1488 1114 .
1511 1108 1516 1113 .
1539 1106 1546 1113 .
1567 1085 1684 1115 terras
1716 1092 1815 1116 meas
1847 1081 1892 1115 de

322 1150 602 1199 Hangitschawe
624 1178 631 1184 .
654 1177 661 1184 .
684 1177 690 1184 .
712 1149 872 1184 iacentes
899 1149 998 1184 infra
1024 1147 1254 1196 regalitatem
1283 1148 1327 1182 de
1358 1147 1504 1196 Soltray
1525 1148 1827 1184 constabulariam
1848 1149 1893 1183 de

322 1221 564 1268 Hadingtoun
585 1225 621 1255 et
640 1218 935 1254 vicecomitatum
955 1218 1000 1253 de
1015 1216 1230 1252 Edinburch
1250 1222 1404 1262 excepto
1420 1244 1427 1250 .
1449 1243 1457 1250 .
1480 1243 1487 1251 .
1504 1217 1668 1263 pomerio
1684 1217 1729 1252 de
1747 1215 1892 1264 Soltray

320 1302 387 1337 pro
413 1289 522 1324 curiis
549 1287 681 1322 nostris
710 1286 898 1322 annuatim
928 1285 1082 1331 desuper
1108 1284 1277 1320 tenendis
1299 1312 1306 1319 .
1328 1312 1335 1318 .
1357 1311 1363 1318 .
1384 1297 1473 1331 quas
1492 1285 1588 1320 idem
1611 1312 1619 1320 .
1642 1312 1649 1319 .
1670 1312 1677 1319 .
1698 1284 1893 1333 resignauit

323 1389 329 1395 .
353 1388 360 1394 .
383 1387 389 1393 .
410 1357 614 1394 Reddendo
645 1356 729 1391 inde
759 1354 949 1390 annuatim
972 1382 979 1388 .
1003 1381 1008 1388 .
1031 1381 1038 1388 .
1059 1353 1233 1388 summam
1265 1353 1520 1400 quadragenta
1548 1353 1685 1400 septem
1716 1353 1893 1389 librarum

320 1429 379 1463 sex
406 1427 602 1461 solidorum
631 1430 667 1460 et.
692 1426 772 1459 οᾶο
796 1423 1031 1458 denariorum
1055 1450 1061 1456 .
1084 1450 1090 1456 .
1114 1449 1121 1456 .
1143 1420 1266 1456 Scotie
1288 1448 1295 1455 .
1319 1449 1325 1456 .
1349 1449 1355 1455 .
1381 1433 1525 1456 necnon
1547 1450 1554 1455 .
1577 1450 1583 1456 .
1607 1449 1614 1456 .
1633 1421 1703 1457 alia
1728 1434 1840 1457 onera
1860 1429 1893 1456 et

321 1495 467 1531 seruitia
486 1523 493 1529 .
515 1522 521 1529 .
542 1522 549 1528 .
571 1496 612 1528 ll
637 1491 810 1528 anbris
832 1490 940 1529 1557.

323 1645 437 1681 Carta
456 1641 686 1690 emphiteosis
708 1640 812 1675 vnius
832 1640 961 1675 domus
981 1640 1041 1674 seu
1061 1639 1255 1674 mansionis
1276 1651 1357 1673 cum
1377 1645 1458 1674 orto
1478 1639 1515 1673 in
1535 1638 1654 1673 Duns.

325 1751 521 1806 OMNIBUS
553 1793 588 1800 ..
608 1794 615 1800 .
645 1764 814 1799 dominus
843 1763 1006 1798 Thomas
1035 1761 1180 1798 Cairnis
1210 1762 1418 1810 capellanus
1451 1762 1573 1797 altaris
1601 1761 1700 1797 Diue
1725 1761 1893 1809 Virginis

322 1836 442 1872 Marie
462 1834 582 1871 situati
610 1833 707 1868 infra
734 1831 922 1868 ecclesiam
951 1830 1217 1878 pe1·rochialem
1238 1831 1283 1866 de
1310 1829 1431 1866 Soltra
1457 1830 1606 1866 salutem
1624 1858 1628 1863 .
1650 1858 1657 1865 .
1677 1859 1683 1865 .
1702 1830 1892 1866 Noueritis

320 1919 377 1941 me
399 1933 406 1940 .
430 1933 436 1939 .
459 1932 465 1938 .
486 1904 523 1938 in
558 1901 802 1938 feudifirmam
827 1928 831 1933 .
852 1928 856 1932 .
877 1928 882 1933 .
906 1898 1128 1934 hereditarie
1165 1898 1330 1934 dimisisse
1354 1928 1358 1933 .
1379 1928 1384 1933 .
1405 1928 1410 1933 .
1431 1899 1645 1934 Archbaldo
1682 1898 1819 1934 Nesbet
1853 1899 1891 1934 in

323 1972 546 2009 Bassendene
577 1969 774 2006 heredibus
805 1968 876 2003 suis
908 1974 944 2003 et
970 1966 1153 2015 assignatis
1174 1996 1178 2001 .
1199 1996 1203 2000 .
1224 1995 1228 2000 .
1249 1979 1366 2003 meam
1395 1967 1542 2002 domum
1570 1966 1642 2002 siue
1671 1967 1890 2003 mansionem

322 2055 404 2076 cum
429 2048 509 2076 orto
528 2069 534 2074 .
554 2069 559 2074 .
579 2069 584 2074 .
605 2051 684 2073 mee
713 2037 916 2085 capellanie
945 2036 1165 2083 spectantem
1184 2064 1189 2070 .
1209 2065 1214 2069 .
1234 2064 1239 2069 .
1260 2036 1297 2070 in
1326 2035 1412 2070 villa
1439 2041 1475 2070 et
1502 2035 1689 2071 territorio
1716 2035 1760 2070 de
1784 2034 1891 2070 Duns

322 2122 367 2145 ex
385 2115 488 2157 parte
508 2106 657 2143 australi
676 2105 764 2141 Vici
783 2105 892 2153 Regii
920 2104 1077 2140 eiusdem
1104 2104 1143 2139 in
1169 2103 1322 2140 baronia
1345 2104 1389 2139 de
1409 2103 1563 2152 Aytoun
1581 2110 1618 2139 et
1637 2103 1733 2138 infra
1751 2103 1890 2139 viceco-

322 2179 486 2214 mitatum
506 2177 551 2212 de
571 2176 710 2212 Beruik
730 2196 736 2203 ·
757 2173 975 2221 quequidem
995 2202 1000 2207 .
1020 2202 1024 2206 .
1045 2202 1050 2206 .
1070 2172 1186 2208 locari
1213 2171 1401 2207 consueuit
1428 2171 1613 2207 annuatim
1642 2183 1708 2218 pro
1727 2171 1888 2218 quinque

323 2247 442 2282 solidis
478 2252 618 2282 tantum
647 2274 652 2278 .
681 2274 685 2278 .
713 2242 943 2279 .Reddendo
971 2270 975 2275 .
1005 2270 1009 2275 .
1039 2269 1044 2275 .
1072 2241 1243 2276 summam
1281 2242 1360 2276 octo
1396 2239 1666 2275 solidorum...
1689 2239 1811 2275 Seotie
1831 2269 1836 2273 .
1856 2268 1887 2273 ..

323 2319 345 2354 9
365 2314 454 2349 Maii
477 2317 581 2349 1558.
