<?xml version="1.0" encoding="UTF-8"?>
<!DOCTYPE html PUBLIC "-//W3C//DTD XHTML 1.0 Transitional//EN"
    "http://www.w3.org/TR/xhtml1/DTD/xhtml1-transitional.dtd">
<html xmlns="http://www.w3.org/1999/xhtml" xml:lang="en" lang="en">
 <head>
  <title>
</title>
<meta http-equiv="Content-Type" content="text/html;charset=utf-8" />
  <meta name='ocr-system' content='tesseract 3.04.00' />
  <meta name='ocr-capabilities' content='ocr_page ocr_carea ocr_par ocr_line ocrx_word'/>
</head>
<body>
  <div class='ocr_page' id='page_1' title='image "./registrumdomusde00lain_0304.png"; bbox 0 0 2147 2964; ppageno 0'>
   <div class='ocr_carea' id='block_1_1' title="bbox 344 291 1613 329">
    <p class='ocr_par' dir='ltr' id='par_1_1' title="bbox 344 291 1613 329">
     <span class='ocr_line' id='line_1_1' title="bbox 344 291 1613 329; baseline -0.001 0"><span class='ocrx_word' id='word_1_1' title='bbox 344 298 412 329; x_wconf 66' lang='grc'>129</span> <span class='ocrx_word' id='word_1_2' title='bbox 646 291 961 328; x_wconf 86' lang='lat' dir='ltr'>REGISTRUM</span> <span class='ocrx_word' id='word_1_3' title='bbox 989 291 1240 328; x_wconf 86' lang='lat' dir='ltr'>ECCLESIE</span> <span class='ocrx_word' id='word_1_4' title='bbox 1269 291 1613 329; x_wconf 88' lang='lat' dir='ltr'>COLLEGIATE</span> 
     </span>
    </p>
   </div>
   <div class='ocr_carea' id='block_1_2' title="bbox 340 390 1915 577">
    <p class='ocr_par' dir='ltr' id='par_1_2' title="bbox 340 390 1915 577">
     <span class='ocr_line' id='line_1_2' title="bbox 341 390 1913 439; baseline -0.001 -11"><span class='ocrx_word' id='word_1_5' title='bbox 341 392 555 428; x_wconf 87' lang='lat' dir='ltr'>Edinburch</span> <span class='ocrx_word' id='word_1_6' title='bbox 590 395 637 427; x_wconf 80' lang='lat'>23</span> <span class='ocrx_word' id='word_1_7' title='bbox 668 391 810 439; x_wconf 81' lang='lat' dir='ltr'><strong>Aprilis</strong></span> <span class='ocrx_word' id='word_1_8' title='bbox 836 390 931 427; x_wconf 79' lang='lat'>1566</span> <span class='ocrx_word' id='word_1_9' title='bbox 950 411 957 418; x_wconf 91' lang='lat'><strong>·</strong></span> <span class='ocrx_word' id='word_1_10' title='bbox 977 390 1148 426; x_wconf 86' lang='lat' dir='ltr'>Testibus</span> <span class='ocrx_word' id='word_1_11' title='bbox 1177 390 1464 426; x_wconf 81' lang='lat' dir='ltr'>confirmationis</span> <span class='ocrx_word' id='word_1_12' title='bbox 1492 391 1676 426; x_wconf 85' lang='lat' dir='ltr'>Duncano</span> <span class='ocrx_word' id='word_1_13' title='bbox 1705 390 1913 439; x_wconf 87' lang='lat' dir='ltr'>Dawysoun</span> 
     </span>
     <span class='ocr_line' id='line_1_3' title="bbox 342 458 1915 507; baseline -0.001 -10"><span class='ocrx_word' id='word_1_14' title='bbox 342 461 528 497; x_wconf 85' lang='lat' dir='ltr'>Willelmo</span> <span class='ocrx_word' id='word_1_15' title='bbox 547 459 682 496; x_wconf 84' lang='lat' dir='ltr'>Fairlie</span> <span class='ocrx_word' id='word_1_16' title='bbox 710 460 889 507; x_wconf 84' lang='lat' dir='ltr'>burgense</span> <span class='ocrx_word' id='word_1_17' title='bbox 917 460 962 494; x_wconf 90' lang='lat' dir='ltr'>de</span> <span class='ocrx_word' id='word_1_18' title='bbox 992 458 1186 507; x_wconf 88' lang='lat' dir='ltr'>Striuiling</span> <span class='ocrx_word' id='word_1_19' title='bbox 1213 465 1249 495; x_wconf 90' lang='lat' dir='ltr'>et</span> <span class='ocrx_word' id='word_1_20' title='bbox 1269 459 1456 495; x_wconf 83' lang='lat' dir='ltr'>Willelmo</span> <span class='ocrx_word' id='word_1_21' title='bbox 1479 459 1608 507; x_wconf 82' lang='lat' dir='ltr'>Smyth</span> <span class='ocrx_word' id='word_1_22' title='bbox 1636 459 1811 495; x_wconf 89' lang='lat' dir='ltr'>seruitore</span> <span class='ocrx_word' id='word_1_23' title='bbox 1837 472 1915 507; x_wconf 86' lang='lat' dir='ltr'>pre-</span> 
     </span>
     <span class='ocr_line' id='line_1_4' title="bbox 340 527 1334 577; baseline -0.003 -12"><span class='ocrx_word' id='word_1_24' title='bbox 340 530 443 577; x_wconf 77' lang='lat' dir='ltr'>positi</span> <span class='ocrx_word' id='word_1_25' title='bbox 465 542 544 565; x_wconf 86' lang='lat' dir='ltr'>cum</span> <span class='ocrx_word' id='word_1_26' title='bbox 566 529 646 564; x_wconf 76' lang='lat' dir='ltr'>aliis</span> <span class='ocrx_word' id='word_1_27' title='bbox 667 550 673 556; x_wconf 88' lang='lat'><strong>·</strong></span> <span class='ocrx_word' id='word_1_28' title='bbox 694 529 807 575; x_wconf 88' lang='lat' dir='ltr'><strong>Apud</strong></span> <span class='ocrx_word' id='word_1_29' title='bbox 829 527 1026 575; x_wconf 87' lang='lat' dir='ltr'>Striuiling</span> <span class='ocrx_word' id='word_1_30' title='bbox 1045 530 1092 562; x_wconf 80' lang='lat'>23</span> <span class='ocrx_word' id='word_1_31' title='bbox 1113 527 1204 563; x_wconf 84' lang='lat' dir='ltr'>Maii</span> <span class='ocrx_word' id='word_1_32' title='bbox 1227 527 1334 563; x_wconf 77' lang='lat'>1566.</span> 
     </span>
    </p>
   </div>
   <div class='ocr_carea' id='block_1_3' title="bbox 340 720 1916 2069">
    <p class='ocr_par' dir='ltr' id='par_1_3' title="bbox 340 720 1916 2069">
     <span class='ocr_line' id='line_1_5' title="bbox 341 720 1915 781; baseline -0.004 -8"><span class='ocrx_word' id='word_1_33' title='bbox 341 720 542 773; x_wconf 80' lang='lat' dir='ltr'>DOMINUS</span> <span class='ocrx_word' id='word_1_34' title='bbox 570 733 754 781; x_wconf 84' lang='lat' dir='ltr'>Georgius</span> <span class='ocrx_word' id='word_1_35' title='bbox 780 733 1032 781; x_wconf 85' lang='lat' dir='ltr'>Clappertoun</span> <span class='ocrx_word' id='word_1_36' title='bbox 1061 732 1263 781; x_wconf 81' lang='lat' dir='ltr'>prepofitus</span> <span class='ocrx_word' id='word_1_37' title='bbox 1291 733 1526 780; x_wconf 84' lang='lat' dir='ltr'>prebendarii</span> <span class='ocrx_word' id='word_1_38' title='bbox 1555 745 1596 768; x_wconf 86' lang='lat' dir='ltr'>ac</span> <span class='ocrx_word' id='word_1_39' title='bbox 1625 732 1803 780; x_wconf 84' lang='lat' dir='ltr'>capellani</span> <span class='ocrx_word' id='word_1_40' title='bbox 1833 745 1915 767; x_wconf 78' lang='lat' dir='ltr'>con-</span> 
     </span>
     <span class='ocr_line' id='line_1_6' title="bbox 341 800 1914 848; baseline -0.002 -10"><span class='ocrx_word' id='word_1_41' title='bbox 341 805 487 839; x_wconf 82' lang='lat' dir='ltr'>firmant</span> <span class='ocrx_word' id='word_1_42' title='bbox 515 808 653 838; x_wconf 84' lang='lat' dir='ltr'>cartam</span> <span class='ocrx_word' id='word_1_43' title='bbox 681 802 745 837; x_wconf 90' lang='lat' dir='ltr'>sub</span> <span class='ocrx_word' id='word_1_44' title='bbox 771 801 839 837; x_wconf 92' lang='lat' dir='ltr'>hac</span> <span class='ocrx_word' id='word_1_45' title='bbox 867 801 986 837; x_wconf 87' lang='lat' dir='ltr'>forma</span> <span class='ocrx_word' id='word_1_46' title='bbox 1004 823 1011 830; x_wconf 93' lang='lat'><strong>·</strong></span> <span class='ocrx_word' id='word_1_47' title='bbox 1033 801 1219 837; x_wconf 69' lang='lat' dir='ltr'>Rom-:nus</span> <span class='ocrx_word' id='word_1_48' title='bbox 1249 800 1490 847; x_wconf 86' lang='lat' dir='ltr'>Dungalsoun</span> <span class='ocrx_word' id='word_1_49' title='bbox 1518 801 1707 848; x_wconf 71' lang='lat' dir='ltr'>burgentis</span> <span class='ocrx_word' id='word_1_50' title='bbox 1735 801 1779 836; x_wconf 91' lang='lat' dir='ltr'>de</span> <span class='ocrx_word' id='word_1_51' title='bbox 1805 800 1914 835; x_wconf 90' lang='lat' dir='ltr'>Edin-</span> 
     </span>
     <span class='ocr_line' id='line_1_7' title="bbox 340 869 1914 917; baseline -0.003 -10"><span class='ocrx_word' id='word_1_52' title='bbox 340 872 456 907; x_wconf 86' lang='lat' dir='ltr'>burch</span> <span class='ocrx_word' id='word_1_53' title='bbox 474 877 510 906; x_wconf 88' lang='lat' dir='ltr'>et</span> <span class='ocrx_word' id='word_1_54' title='bbox 525 870 738 917; x_wconf 83' lang='lat' dir='ltr'>Margareta</span> <span class='ocrx_word' id='word_1_55' title='bbox 756 869 930 917; x_wconf 85' lang='lat' dir='ltr'>Lyntoun</span> <span class='ocrx_word' id='word_1_56' title='bbox 950 870 1026 916; x_wconf 85' lang='lat' dir='ltr'>ejus</span> <span class='ocrx_word' id='word_1_57' title='bbox 1045 870 1171 917; x_wconf 87' lang='lat' dir='ltr'>sponsa</span> <span class='ocrx_word' id='word_1_58' title='bbox 1191 870 1354 906; x_wconf 78' lang='lat' dir='ltr'>vendunt</span> <span class='ocrx_word' id='word_1_59' title='bbox 1369 869 1552 905; x_wconf 85' lang='lat' dir='ltr'>Rollando</span> <span class='ocrx_word' id='word_1_60' title='bbox 1569 870 1757 906; x_wconf 85' lang='lat' dir='ltr'>Gardinar</span> <span class='ocrx_word' id='word_1_61' title='bbox 1775 869 1914 905; x_wconf 85' lang='lat' dir='ltr'>lanioni</span> 
     </span>
     <span class='ocr_line' id='line_1_8' title="bbox 342 937 1914 987; baseline -0.003 -11"><span class='ocrx_word' id='word_1_62' title='bbox 342 939 509 987; x_wconf 72' lang='lat' dir='ltr'>burgensi</span> <span class='ocrx_word' id='word_1_63' title='bbox 529 938 615 974; x_wconf 57' lang='lat' dir='ltr'>dieti</span> <span class='ocrx_word' id='word_1_64' title='bbox 642 938 750 985; x_wconf 82' lang='lat' dir='ltr'>burgi</span> <span class='ocrx_word' id='word_1_65' title='bbox 779 944 814 973; x_wconf 87' lang='lat' dir='ltr'>et</span> <span class='ocrx_word' id='word_1_66' title='bbox 841 937 1038 973; x_wconf 82' lang='lat' dir='ltr'>heredibus</span> <span class='ocrx_word' id='word_1_67' title='bbox 1060 937 1131 972; x_wconf 86' lang='lat' dir='ltr'>suis</span> <span class='ocrx_word' id='word_1_68' title='bbox 1156 944 1230 973; x_wconf 84' lang='lat' dir='ltr'>tres</span> <span class='ocrx_word' id='word_1_69' title='bbox 1249 939 1378 974; x_wconf 85' lang='lat' dir='ltr'>domus</span> <span class='ocrx_word' id='word_1_70' title='bbox 1398 938 1569 985; x_wconf 83' lang='lat' dir='ltr'>contigue</span> <span class='ocrx_word' id='word_1_71' title='bbox 1589 938 1799 973; x_wconf 83' lang='lat' dir='ltr'>adiacentes</span> <span class='ocrx_word' id='word_1_72' title='bbox 1818 937 1914 972; x_wconf 85' lang='lat' dir='ltr'>infra</span> 
     </span>
     <span class='ocr_line' id='line_1_9' title="bbox 343 1006 1915 1053; baseline -0.002 -10"><span class='ocrx_word' id='word_1_73' title='bbox 343 1007 569 1043; x_wconf 83' lang='lat' dir='ltr'>territorium</span> <span class='ocrx_word' id='word_1_74' title='bbox 589 1006 739 1042; x_wconf 86' lang='lat' dir='ltr'>ecclefie</span> <span class='ocrx_word' id='word_1_75' title='bbox 764 1006 957 1053; x_wconf 87' lang='lat' dir='ltr'>collegiate</span> <span class='ocrx_word' id='word_1_76' title='bbox 984 1006 1081 1041; x_wconf 87' lang='lat' dir='ltr'>inter</span> <span class='ocrx_word' id='word_1_77' title='bbox 1110 1012 1243 1042; x_wconf 83' lang='lat' dir='ltr'>terram</span> <span class='ocrx_word' id='word_1_78' title='bbox 1273 1007 1456 1053; x_wconf 86' lang='lat' dir='ltr'>quondam</span> <span class='ocrx_word' id='word_1_79' title='bbox 1476 1006 1607 1042; x_wconf 83' lang='lat' dir='ltr'>Jacobi</span> <span class='ocrx_word' id='word_1_80' title='bbox 1630 1006 1756 1053; x_wconf 89' lang='lat' dir='ltr'>Naper</span> <span class='ocrx_word' id='word_1_81' title='bbox 1776 1019 1819 1041; x_wconf 72' lang='lat' dir='ltr'>ex</span> <span class='ocrx_word' id='word_1_82' title='bbox 1840 1008 1915 1040; x_wconf 81' lang='lat' dir='ltr'>aus-</span> 
     </span>
     <span class='ocr_line' id='line_1_10' title="bbox 343 1073 1915 1122; baseline -0.003 -10"><span class='ocrx_word' id='word_1_83' title='bbox 343 1076 425 1112; x_wconf 78' lang='lat' dir='ltr'>trali</span> <span class='ocrx_word' id='word_1_84' title='bbox 453 1083 569 1111; x_wconf 84' lang='lat' dir='ltr'>terras</span> <span class='ocrx_word' id='word_1_85' title='bbox 597 1075 781 1122; x_wconf 86' lang='lat' dir='ltr'>quondam</span> <span class='ocrx_word' id='word_1_86' title='bbox 811 1074 1005 1110; x_wconf 84' lang='lat' dir='ltr'>Michaelis</span> <span class='ocrx_word' id='word_1_87' title='bbox 1041 1073 1200 1110; x_wconf 88' lang='lat' dir='ltr'>Tulloch</span> <span class='ocrx_word' id='word_1_88' title='bbox 1229 1088 1326 1110; x_wconf 90' lang='lat' dir='ltr'>nunc</span> <span class='ocrx_word' id='word_1_89' title='bbox 1355 1075 1582 1122; x_wconf 82' lang='lat' dir='ltr'>pertinentes</span> <span class='ocrx_word' id='word_1_90' title='bbox 1613 1075 1756 1110; x_wconf 82' lang='lat' dir='ltr'>Jacobo</span> <span class='ocrx_word' id='word_1_91' title='bbox 1784 1073 1915 1109; x_wconf 85' lang='lat' dir='ltr'>Forret</span> 
     </span>
     <span class='ocr_line' id='line_1_11' title="bbox 342 1142 1913 1192; baseline -0.001 -12"><span class='ocrx_word' id='word_1_92' title='bbox 342 1144 510 1192; x_wconf 84' lang='lat' dir='ltr'>burgensi</span> <span class='ocrx_word' id='word_1_93' title='bbox 526 1145 570 1179; x_wconf 92' lang='lat' dir='ltr'>de</span> <span class='ocrx_word' id='word_1_94' title='bbox 584 1143 797 1178; x_wconf 83' lang='lat' dir='ltr'>Edinburch</span> <span class='ocrx_word' id='word_1_95' title='bbox 813 1155 856 1178; x_wconf 84' lang='lat' dir='ltr'>ex</span> <span class='ocrx_word' id='word_1_96' title='bbox 871 1143 1011 1178; x_wconf 81' lang='lat' dir='ltr'>boreali</span> <span class='ocrx_word' id='word_1_97' title='bbox 1025 1143 1151 1178; x_wconf 84' lang='lat' dir='ltr'>hortos</span> <span class='ocrx_word' id='word_1_98' title='bbox 1166 1142 1316 1178; x_wconf 74' lang='lat' dir='ltr'>eoeleste</span> <span class='ocrx_word' id='word_1_99' title='bbox 1331 1156 1374 1178; x_wconf 82' lang='lat' dir='ltr'>ex</span> <span class='ocrx_word' id='word_1_100' title='bbox 1390 1143 1610 1178; x_wconf 79' lang='lat' dir='ltr'>occidentali</span> <span class='ocrx_word' id='word_1_101' title='bbox 1630 1149 1666 1178; x_wconf 89' lang='lat' dir='ltr'>et</span> <span class='ocrx_word' id='word_1_102' title='bbox 1686 1155 1913 1178; x_wconf 86' lang='lat' dir='ltr'>communem</span> 
     </span>
     <span class='ocr_line' id='line_1_12' title="bbox 343 1211 1914 1260; baseline -0.003 -11"><span class='ocrx_word' id='word_1_103' title='bbox 343 1214 437 1249; x_wconf 81' lang='lat' dir='ltr'>viam</span> <span class='ocrx_word' id='word_1_104' title='bbox 452 1213 591 1260; x_wconf 85' lang='lat' dir='ltr'>regiam</span> <span class='ocrx_word' id='word_1_105' title='bbox 607 1225 649 1247; x_wconf 85' lang='lat' dir='ltr'>ex</span> <span class='ocrx_word' id='word_1_106' title='bbox 667 1211 837 1247; x_wconf 85' lang='lat' dir='ltr'>orientali</span> <span class='ocrx_word' id='word_1_107' title='bbox 851 1231 857 1237; x_wconf 90' lang='lat'><em>—</em></span> <span class='ocrx_word' id='word_1_108' title='bbox 870 1211 1106 1258; x_wconf 87' lang='lat' dir='ltr'>quasquidem</span> <span class='ocrx_word' id='word_1_109' title='bbox 1122 1212 1250 1246; x_wconf 85' lang='lat' dir='ltr'>domus</span> <span class='ocrx_word' id='word_1_110' title='bbox 1270 1211 1435 1247; x_wconf 84' lang='lat' dir='ltr'>Joannes</span> <span class='ocrx_word' id='word_1_111' title='bbox 1455 1212 1641 1246; x_wconf 84' lang='lat' dir='ltr'>Gardinar</span> <span class='ocrx_word' id='word_1_112' title='bbox 1660 1211 1758 1246; x_wconf 87' lang='lat' dir='ltr'>lanio</span> <span class='ocrx_word' id='word_1_113' title='bbox 1778 1218 1813 1247; x_wconf 90' lang='lat' dir='ltr'>et</span> <span class='ocrx_word' id='word_1_114' title='bbox 1832 1212 1914 1246; x_wconf 79' lang='lat' dir='ltr'>bur-</span> 
     </span>
     <span class='ocr_line' id='line_1_13' title="bbox 341 1278 1915 1329; baseline -0.002 -12"><span class='ocrx_word' id='word_1_115' title='bbox 341 1281 459 1329; x_wconf 81' lang='lat' dir='ltr'>gensis</span> <span class='ocrx_word' id='word_1_116' title='bbox 478 1281 523 1316; x_wconf 89' lang='lat' dir='ltr'>de</span> <span class='ocrx_word' id='word_1_117' title='bbox 543 1279 759 1315; x_wconf 88' lang='lat' dir='ltr'>Edinburch</span> <span class='ocrx_word' id='word_1_118' title='bbox 787 1278 1012 1314; x_wconf 82' lang='lat' dir='ltr'>hereditarie</span> <span class='ocrx_word' id='word_1_119' title='bbox 1040 1279 1217 1314; x_wconf 82' lang='lat' dir='ltr'>alienauit</span> <span class='ocrx_word' id='word_1_120' title='bbox 1244 1279 1347 1314; x_wconf 71' lang='lat' dir='ltr'>diffls</span> <span class='ocrx_word' id='word_1_121' title='bbox 1374 1279 1523 1326; x_wconf 84' lang='lat' dir='ltr'>Rogero</span> <span class='ocrx_word' id='word_1_122' title='bbox 1551 1284 1587 1314; x_wconf 80' lang='lat' dir='ltr'>et</span> <span class='ocrx_word' id='word_1_123' title='bbox 1615 1278 1826 1326; x_wconf 84' lang='lat' dir='ltr'>Margarete</span> <span class='ocrx_word' id='word_1_124' title='bbox 1853 1280 1915 1314; x_wconf 80' lang='lat' dir='ltr'>sub</span> 
     </span>
     <span class='ocr_line' id='line_1_14' title="bbox 342 1346 1915 1394; baseline -0.003 -9"><span class='ocrx_word' id='word_1_125' title='bbox 342 1349 548 1386; x_wconf 84' lang='lat' dir='ltr'>reuerfione</span> <span class='ocrx_word' id='word_1_126' title='bbox 568 1348 743 1383; x_wconf 87' lang='lat' dir='ltr'>summam</span> <span class='ocrx_word' id='word_1_127' title='bbox 763 1348 950 1394; x_wconf 82' lang='lat' dir='ltr'>sexaginta</span> <span class='ocrx_word' id='word_1_128' title='bbox 969 1353 1127 1393; x_wconf 87' lang='lat' dir='ltr'>quatuor</span> <span class='ocrx_word' id='word_1_129' title='bbox 1146 1346 1323 1382; x_wconf 83' lang='lat' dir='ltr'>librarum</span> <span class='ocrx_word' id='word_1_130' title='bbox 1343 1347 1381 1381; x_wconf 87' lang='lat' dir='ltr'>in</span> <span class='ocrx_word' id='word_1_131' title='bbox 1400 1347 1435 1382; x_wconf 89' lang='lat' dir='ltr'>se</span> <span class='ocrx_word' id='word_1_132' title='bbox 1455 1346 1690 1382; x_wconf 87' lang='lat' dir='ltr'>continente·</span> <span class='ocrx_word' id='word_1_133' title='bbox 1711 1347 1915 1383; x_wconf 88' lang='lat' dir='ltr'>Reddendo</span> 
     </span>
     <span class='ocr_line' id='line_1_15' title="bbox 341 1415 1915 1465; baseline -0.002 -11"><span class='ocrx_word' id='word_1_134' title='bbox 341 1418 531 1454; x_wconf 85' lang='lat' dir='ltr'>annuatim</span> <span class='ocrx_word' id='word_1_135' title='bbox 550 1430 612 1465; x_wconf 90' lang='lat' dir='ltr'>pro</span> <span class='ocrx_word' id='word_1_136' title='bbox 628 1417 768 1452; x_wconf 85' lang='lat' dir='ltr'>duabus</span> <span class='ocrx_word' id='word_1_137' title='bbox 788 1416 955 1450; x_wconf 85' lang='lat' dir='ltr'>domibus</span> <span class='ocrx_word' id='word_1_138' title='bbox 975 1415 1228 1451; x_wconf 83' lang='lat' dir='ltr'>adiacentibus</span> <span class='ocrx_word' id='word_1_139' title='bbox 1248 1427 1292 1450; x_wconf 80' lang='lat' dir='ltr'>ex</span> <span class='ocrx_word' id='word_1_140' title='bbox 1311 1415 1460 1450; x_wconf 84' lang='lat' dir='ltr'>australi</span> <span class='ocrx_word' id='word_1_141' title='bbox 1478 1423 1581 1463; x_wconf 86' lang='lat' dir='ltr'>parte</span> <span class='ocrx_word' id='word_1_142' title='bbox 1596 1416 1769 1451; x_wconf 85' lang='lat' dir='ltr'>summam</span> <span class='ocrx_word' id='word_1_143' title='bbox 1786 1416 1915 1463; x_wconf 85' lang='lat' dir='ltr'>viginti</span> 
     </span>
     <span class='ocr_line' id='line_1_16' title="bbox 341 1483 1916 1534; baseline -0.003 -12"><span class='ocrx_word' id='word_1_144' title='bbox 341 1493 498 1534; x_wconf 84' lang='lat' dir='ltr'>quatuor</span> <span class='ocrx_word' id='word_1_145' title='bbox 517 1485 713 1520; x_wconf 88' lang='lat' dir='ltr'>solidorum</span> <span class='ocrx_word' id='word_1_146' title='bbox 735 1490 771 1520; x_wconf 88' lang='lat' dir='ltr'>et</span> <span class='ocrx_word' id='word_1_147' title='bbox 789 1497 857 1531; x_wconf 88' lang='lat' dir='ltr'>pro</span> <span class='ocrx_word' id='word_1_148' title='bbox 876 1484 987 1519; x_wconf 86' lang='lat' dir='ltr'>tertia</span> <span class='ocrx_word' id='word_1_149' title='bbox 1005 1484 1113 1519; x_wconf 92' lang='lat' dir='ltr'>domo</span> <span class='ocrx_word' id='word_1_150' title='bbox 1137 1484 1280 1519; x_wconf 84' lang='lat' dir='ltr'>iacente</span> <span class='ocrx_word' id='word_1_151' title='bbox 1301 1496 1345 1518; x_wconf 77' lang='lat' dir='ltr'>ex</span> <span class='ocrx_word' id='word_1_152' title='bbox 1363 1483 1495 1519; x_wconf 86' lang='lat' dir='ltr'>boriali</span> <span class='ocrx_word' id='word_1_153' title='bbox 1521 1490 1624 1532; x_wconf 83' lang='lat' dir='ltr'>parte</span> <span class='ocrx_word' id='word_1_154' title='bbox 1643 1485 1816 1519; x_wconf 85' lang='lat' dir='ltr'>summam</span> <span class='ocrx_word' id='word_1_155' title='bbox 1837 1487 1916 1520; x_wconf 72' lang='grc' dir='ltr'>οᾶὶο</span> 
     </span>
     <span class='ocr_line' id='line_1_17' title="bbox 342 1552 1913 1601; baseline -0.001 -11"><span class='ocrx_word' id='word_1_156' title='bbox 342 1555 538 1591; x_wconf 84' lang='lat' dir='ltr'>solidorum</span> <span class='ocrx_word' id='word_1_157' title='bbox 567 1566 722 1588; x_wconf 83' lang='lat' dir='ltr'>vnacum</span> <span class='ocrx_word' id='word_1_158' title='bbox 751 1552 909 1588; x_wconf 79' lang='lat' dir='ltr'>seruitiis</span> <span class='ocrx_word' id='word_1_159' title='bbox 937 1552 1124 1588; x_wconf 84' lang='lat' dir='ltr'>curiarum</span> <span class='ocrx_word' id='word_1_160' title='bbox 1144 1574 1151 1580; x_wconf 92' lang='lat'>-</span> <span class='ocrx_word' id='word_1_161' title='bbox 1172 1553 1285 1599; x_wconf 91' lang='lat' dir='ltr'>Apud</span> <span class='ocrx_word' id='word_1_162' title='bbox 1304 1552 1520 1588; x_wconf 86' lang='lat' dir='ltr'>Edinburch</span> <span class='ocrx_word' id='word_1_163' title='bbox 1545 1555 1589 1588; x_wconf 84' lang='lat'>21</span> <span class='ocrx_word' id='word_1_164' title='bbox 1612 1553 1771 1601; x_wconf 88' lang='lat' dir='ltr'>Augusti</span> <span class='ocrx_word' id='word_1_165' title='bbox 1793 1553 1889 1589; x_wconf 87' lang='grc'>1566</span> <span class='ocrx_word' id='word_1_166' title='bbox 1908 1574 1913 1580; x_wconf 94' lang='grc'>-</span> 
     </span>
     <span class='ocr_line' id='line_1_18' title="bbox 343 1620 1916 1669; baseline -0.001 -10"><span class='ocrx_word' id='word_1_167' title='bbox 343 1623 513 1659; x_wconf 82' lang='lat' dir='ltr'>Testibus</span> <span class='ocrx_word' id='word_1_168' title='bbox 534 1622 696 1658; x_wconf 85' lang='lat' dir='ltr'>Roberto</span> <span class='ocrx_word' id='word_1_169' title='bbox 720 1620 807 1669; x_wconf 85' lang='lat' dir='ltr'>Fify</span> <span class='ocrx_word' id='word_1_170' title='bbox 834 1621 1012 1657; x_wconf 81' lang='lat' dir='ltr'>seruitore</span> <span class='ocrx_word' id='word_1_171' title='bbox 1040 1621 1126 1657; x_wconf 68' lang='lat' dir='ltr'>diffl</span> <span class='ocrx_word' id='word_1_172' title='bbox 1155 1621 1329 1657; x_wconf 87' lang='lat' dir='ltr'>Rollandi</span> <span class='ocrx_word' id='word_1_173' title='bbox 1358 1622 1574 1658; x_wconf 85' lang='lat' dir='ltr'>Alexandro</span> <span class='ocrx_word' id='word_1_174' title='bbox 1593 1622 1771 1658; x_wconf 83' lang='lat' dir='ltr'>Lawsoun</span> <span class='ocrx_word' id='word_1_175' title='bbox 1799 1623 1916 1658; x_wconf 83' lang='lat' dir='ltr'>scriba</span> 
     </span>
     <span class='ocr_line' id='line_1_19' title="bbox 340 1689 1915 1737; baseline -0.001 -9"><span class='ocrx_word' id='word_1_176' title='bbox 340 1693 487 1728; x_wconf 82' lang='lat' dir='ltr'>Joanne</span> <span class='ocrx_word' id='word_1_177' title='bbox 506 1690 700 1726; x_wconf 85' lang='lat' dir='ltr'>Robesoun</span> <span class='ocrx_word' id='word_1_178' title='bbox 729 1695 765 1725; x_wconf 91' lang='lat' dir='ltr'>et</span> <span class='ocrx_word' id='word_1_179' title='bbox 790 1689 933 1725; x_wconf 65' lang='lat' dir='ltr'>«Iacobo</span> <span class='ocrx_word' id='word_1_180' title='bbox 961 1689 1113 1737; x_wconf 83' lang='lat' dir='ltr'>Logane</span> <span class='ocrx_word' id='word_1_181' title='bbox 1142 1689 1296 1725; x_wconf 83' lang='lat' dir='ltr'>notariis</span> <span class='ocrx_word' id='word_1_182' title='bbox 1324 1702 1406 1725; x_wconf 87' lang='lat' dir='ltr'>cum</span> <span class='ocrx_word' id='word_1_183' title='bbox 1434 1690 1515 1725; x_wconf 88' lang='lat' dir='ltr'>aliis</span> <span class='ocrx_word' id='word_1_184' title='bbox 1533 1711 1540 1718; x_wconf 91' lang='lat'><strong>·</strong></span> <span class='ocrx_word' id='word_1_185' title='bbox 1562 1690 1802 1726; x_wconf 83' lang='lat' dir='ltr'>Confirmatio</span> <span class='ocrx_word' id='word_1_186' title='bbox 1830 1692 1915 1726; x_wconf 88' lang='lat' dir='ltr'>data</span> 
     </span>
     <span class='ocr_line' id='line_1_20' title="bbox 342 1757 1404 1809; baseline -0.003 -13"><span class='ocrx_word' id='word_1_187' title='bbox 342 1761 435 1809; x_wconf 80' lang='lat' dir='ltr'>apud</span> <span class='ocrx_word' id='word_1_188' title='bbox 459 1759 653 1806; x_wconf 86' lang='lat' dir='ltr'>Striuiling</span> <span class='ocrx_word' id='word_1_189' title='bbox 673 1761 719 1793; x_wconf 76' lang='lat'>24</span> <span class='ocrx_word' id='word_1_190' title='bbox 740 1757 898 1806; x_wconf 91' lang='lat' dir='ltr'>Augusti</span> <span class='ocrx_word' id='word_1_191' title='bbox 920 1757 1016 1793; x_wconf 84' lang='lat'>1566</span> <span class='ocrx_word' id='word_1_192' title='bbox 1036 1764 1072 1793; x_wconf 89' lang='lat' dir='ltr'>et</span> <span class='ocrx_word' id='word_1_193' title='bbox 1090 1757 1138 1793; x_wconf 86' lang='lat' dir='ltr'>fic</span> <span class='ocrx_word' id='word_1_194' title='bbox 1157 1757 1404 1793; x_wconf 86' lang='lat' dir='ltr'>subscribitur.</span> 
     </span>
     <span class='ocr_line' id='line_1_21' title="bbox 344 1825 1812 1874; baseline -0.002 -9"><span class='ocrx_word' id='word_1_195' title='bbox 344 1830 548 1865; x_wconf 79' lang='lat' dir='ltr'>GEoRGms</span> <span class='ocrx_word' id='word_1_196' title='bbox 563 1826 850 1863; x_wconf 79' lang='lat' dir='ltr'>CLAPPERTOUN</span> <span class='ocrx_word' id='word_1_197' title='bbox 863 1825 1084 1874; x_wconf 84' lang='lat' dir='ltr'>prepofitus.</span> <span class='ocrx_word' id='word_1_198' title='bbox 1096 1855 1103 1862; x_wconf 92' lang='lat'>.</span> <span class='ocrx_word' id='word_1_199' title='bbox 1118 1854 1125 1861; x_wconf 87' lang='lat'><strong>.</strong></span> <span class='ocrx_word' id='word_1_200' title='bbox 1153 1825 1339 1862; x_wconf 82' lang='lat' dir='ltr'>DOM1Nus</span> <span class='ocrx_word' id='word_1_201' title='bbox 1360 1825 1602 1861; x_wconf 81' lang='lat' dir='ltr'>WILLELMUS</span> <span class='ocrx_word' id='word_1_202' title='bbox 1622 1826 1812 1862; x_wconf 76' lang='lat' dir='ltr'>YoUNGAR</span> 
     </span>
     <span class='ocr_line' id='line_1_22' title="bbox 342 1894 1790 1933; baseline -0.002 0"><span class='ocrx_word' id='word_1_203' title='bbox 342 1897 526 1933; x_wconf 78' lang='lat' dir='ltr'>DOMINUS</span> <span class='ocrx_word' id='word_1_204' title='bbox 547 1896 677 1931; x_wconf 62' lang='grc' dir='ltr'>ΑΙΛΞΧιι</span> <span class='ocrx_word' id='word_1_205' title='bbox 696 1895 941 1931; x_wconf 73' lang='lat' dir='ltr'>HENRYSOUN</span> <span class='ocrx_word' id='word_1_206' title='bbox 973 1894 1025 1930; x_wconf 91' lang='lat' dir='ltr'>M.</span> <span class='ocrx_word' id='word_1_207' title='bbox 1048 1895 1125 1930; x_wconf 90' lang='lat' dir='ltr'>hos·</span> <span class='ocrx_word' id='word_1_208' title='bbox 1153 1894 1338 1931; x_wconf 71' lang='lat' dir='ltr'>DomNUS</span> <span class='ocrx_word' id='word_1_209' title='bbox 1356 1894 1534 1930; x_wconf 83' lang='lat' dir='ltr'>JOANNES</span> <span class='ocrx_word' id='word_1_210' title='bbox 1554 1894 1790 1931; x_wconf 73' lang='lat' dir='ltr'>BANNATYNE</span> 
     </span>
     <span class='ocr_line' id='line_1_23' title="bbox 390 1963 1805 2013; baseline -0.002 -12"><span class='ocrx_word' id='word_1_211' title='bbox 390 1965 512 2013; x_wconf 86' lang='lat' dir='ltr'>pitalis</span> <span class='ocrx_word' id='word_1_212' title='bbox 1156 1963 1341 1999; x_wconf 71' lang='lat' dir='ltr'>D0M1an</span> <span class='ocrx_word' id='word_1_213' title='bbox 1361 1963 1538 1999; x_wconf 76' lang='lat' dir='ltr'>JOANNES</span> <span class='ocrx_word' id='word_1_214' title='bbox 1558 1963 1805 2000; x_wconf 73' lang='lat' dir='ltr'>LYNLYTHGW</span> 
     </span>
     <span class='ocr_line' id='line_1_24' title="bbox 342 2030 1567 2069; baseline -0.002 0"><span class='ocrx_word' id='word_1_215' title='bbox 342 2034 527 2069; x_wconf 76' lang='lat' dir='ltr'>DoMJNth</span> <span class='ocrx_word' id='word_1_216' title='bbox 547 2032 754 2068; x_wconf 64' lang='lat' dir='ltr'>ancms</span> <span class='ocrx_word' id='word_1_217' title='bbox 777 2030 953 2066; x_wconf 73' lang='lat' dir='ltr'>SPRUYLE</span> <span class='ocrx_word' id='word_1_218' title='bbox 1156 2031 1216 2066; x_wconf 80' lang='lat' dir='ltr'>MR</span> <span class='ocrx_word' id='word_1_219' title='bbox 1235 2031 1398 2067; x_wconf 78' lang='lat' dir='ltr'>MARCUS</span> <span class='ocrx_word' id='word_1_220' title='bbox 1419 2031 1567 2067; x_wconf 75' lang='lat' dir='ltr'><strong>LAMBE.</strong></span> 
     </span>
    </p>
   </div>
   <div class='ocr_carea' id='block_1_4' title="bbox 238 2224 1915 2285">
    <p class='ocr_par' dir='ltr' id='par_1_4' title="bbox 238 2224 1915 2285">
     <span class='ocr_line' id='line_1_25' title="bbox 238 2224 1915 2285; baseline -0.003 -10"><span class='ocrx_word' id='word_1_221' title='bbox 238 2247 283 2284; x_wconf 72' lang='grc'>76</span> <span class='ocrx_word' id='word_1_222' title='bbox 351 2224 485 2276; x_wconf 75' lang='lat' dir='ltr'>Scum</span> <span class='ocrx_word' id='word_1_223' title='bbox 501 2238 647 2285; x_wconf 85' lang='lat' dir='ltr'>George</span> <span class='ocrx_word' id='word_1_224' title='bbox 664 2236 935 2285; x_wconf 86' lang='lat' dir='ltr'>Clappertoune</span> <span class='ocrx_word' id='word_1_225' title='bbox 954 2236 1101 2284; x_wconf 83' lang='lat' dir='ltr'>provcst</span> <span class='ocrx_word' id='word_1_226' title='bbox 1120 2236 1265 2272; x_wconf 85' lang='lat' dir='ltr'>maister</span> <span class='ocrx_word' id='word_1_227' title='bbox 1283 2235 1454 2283; x_wconf 83' lang='lat' dir='ltr'>hospitall</span> <span class='ocrx_word' id='word_1_228' title='bbox 1471 2235 1710 2282; x_wconf 86' lang='lat' dir='ltr'>prebendaris</span> <span class='ocrx_word' id='word_1_229' title='bbox 1727 2235 1915 2282; x_wconf 80' lang='lat' dir='ltr'>ehaplenis</span> 
     </span>
    </p>
   </div>
   <div class='ocr_carea' id='block_1_5' title="bbox 345 2303 1915 2489">
    <p class='ocr_par' dir='ltr' id='par_1_5' title="bbox 345 2303 1915 2489">
     <span class='ocr_line' id='line_1_26' title="bbox 345 2303 1915 2342; baseline -0.002 -1"><span class='ocrx_word' id='word_1_230' title='bbox 345 2307 416 2342; x_wconf 80' lang='lat' dir='ltr'>and</span> <span class='ocrx_word' id='word_1_231' title='bbox 436 2307 605 2342; x_wconf 88' lang='lat' dir='ltr'>beidmen</span> <span class='ocrx_word' id='word_1_232' title='bbox 625 2306 724 2342; x_wconf 87' lang='lat' dir='ltr'>settis</span> <span class='ocrx_word' id='word_1_233' title='bbox 744 2311 780 2341; x_wconf 88' lang='lat' dir='ltr'>to</span> <span class='ocrx_word' id='word_1_234' title='bbox 799 2305 825 2340; x_wconf 86' lang='lat' dir='ltr'>J</span> <span class='ocrx_word' id='word_1_235' title='bbox 828 2318 926 2341; x_wconf 82' lang='lat' dir='ltr'>ames</span> <span class='ocrx_word' id='word_1_236' title='bbox 948 2304 1086 2342; x_wconf 85' lang='lat' dir='ltr'>Coluill</span> <span class='ocrx_word' id='word_1_237' title='bbox 1105 2305 1146 2340; x_wconf 90' lang='lat' dir='ltr'>of</span> <span class='ocrx_word' id='word_1_238' title='bbox 1160 2305 1259 2340; x_wconf 86' lang='lat' dir='ltr'>Estir</span> <span class='ocrx_word' id='word_1_239' title='bbox 1278 2304 1414 2340; x_wconf 87' lang='lat' dir='ltr'>Wemis</span> <span class='ocrx_word' id='word_1_240' title='bbox 1433 2304 1506 2339; x_wconf 87' lang='lat' dir='ltr'>and</span> <span class='ocrx_word' id='word_1_241' title='bbox 1524 2309 1560 2339; x_wconf 86' lang='lat' dir='ltr'>to</span> <span class='ocrx_word' id='word_1_242' title='bbox 1580 2303 1641 2339; x_wconf 85' lang='lat' dir='ltr'>the</span> <span class='ocrx_word' id='word_1_243' title='bbox 1661 2303 1746 2339; x_wconf 86' lang='lat' dir='ltr'>airis</span> <span class='ocrx_word' id='word_1_244' title='bbox 1759 2304 1860 2339; x_wconf 90' lang='lat' dir='ltr'>maill</span> <span class='ocrx_word' id='word_1_245' title='bbox 1878 2310 1915 2339; x_wconf 91' lang='lat' dir='ltr'>to</span> 
     </span>
     <span class='ocr_line' id='line_1_27' title="bbox 346 2371 1913 2423; baseline -0.002 -13"><span class='ocrx_word' id='word_1_246' title='bbox 346 2376 389 2410; x_wconf 89' lang='lat' dir='ltr'>be</span> <span class='ocrx_word' id='word_1_247' title='bbox 416 2382 585 2423; x_wconf 84' lang='lat' dir='ltr'>procreat</span> <span class='ocrx_word' id='word_1_248' title='bbox 613 2375 652 2409; x_wconf 88' lang='lat' dir='ltr'>of</span> <span class='ocrx_word' id='word_1_249' title='bbox 675 2374 730 2409; x_wconf 83' lang='lat' dir='ltr'>his</span> <span class='ocrx_word' id='word_1_250' title='bbox 757 2374 877 2422; x_wconf 83' lang='lat' dir='ltr'>bodye</span> <span class='ocrx_word' id='word_1_251' title='bbox 905 2374 1033 2421; x_wconf 87' lang='lat' dir='ltr'>quhilk</span> <span class='ocrx_word' id='word_1_252' title='bbox 1061 2373 1261 2422; x_wconf 83' lang='lat' dir='ltr'>faylyeand</span> <span class='ocrx_word' id='word_1_253' title='bbox 1287 2379 1324 2409; x_wconf 90' lang='lat' dir='ltr'>to</span> <span class='ocrx_word' id='word_1_254' title='bbox 1343 2372 1530 2408; x_wconf 85' lang='lat' dir='ltr'>Williame</span> <span class='ocrx_word' id='word_1_255' title='bbox 1559 2371 1695 2407; x_wconf 90' lang='lat' dir='ltr'>Coluill</span> <span class='ocrx_word' id='word_1_256' title='bbox 1721 2372 1913 2420; x_wconf 83' lang='lat' dir='ltr'>presentlie</span> 
     </span>
     <span class='ocr_line' id='line_1_28' title="bbox 348 2440 1913 2489; baseline -0.001 -12"><span class='ocrx_word' id='word_1_257' title='bbox 348 2443 645 2478; x_wconf 74' lang='lat' dir='ltr'>commendamur</span> <span class='ocrx_word' id='word_1_258' title='bbox 665 2442 705 2476; x_wconf 91' lang='lat' dir='ltr'>of</span> <span class='ocrx_word' id='word_1_259' title='bbox 727 2443 789 2478; x_wconf 92' lang='lat' dir='ltr'>the</span> <span class='ocrx_word' id='word_1_260' title='bbox 808 2443 949 2489; x_wconf 83' lang='lat' dir='ltr'>abbaye</span> <span class='ocrx_word' id='word_1_261' title='bbox 969 2442 1009 2477; x_wconf 92' lang='lat' dir='ltr'>of</span> <span class='ocrx_word' id='word_1_262' title='bbox 1027 2441 1172 2478; x_wconf 83' lang='lat' dir='ltr'>Culrois</span> <span class='ocrx_word' id='word_1_263' title='bbox 1200 2442 1273 2477; x_wconf 90' lang='lat' dir='ltr'>and</span> <span class='ocrx_word' id='word_1_264' title='bbox 1292 2441 1376 2477; x_wconf 89' lang='lat' dir='ltr'>eftir</span> <span class='ocrx_word' id='word_1_265' title='bbox 1394 2440 1450 2475; x_wconf 88' lang='lat' dir='ltr'>his</span> <span class='ocrx_word' id='word_1_266' title='bbox 1469 2440 1589 2476; x_wconf 85' lang='lat' dir='ltr'>deceis</span> <span class='ocrx_word' id='word_1_267' title='bbox 1616 2446 1653 2475; x_wconf 84' lang='lat' dir='ltr'>to</span> <span class='ocrx_word' id='word_1_268' title='bbox 1672 2440 1810 2476; x_wconf 85' lang='lat' dir='ltr'>Robert</span> <span class='ocrx_word' id='word_1_269' title='bbox 1831 2440 1913 2477; x_wconf 92' lang='lat' dir='ltr'>Col-</span> 
     </span>
    </p>
   </div>
  </div>
 </body>
</html>
