2147 2964
508 277 720 315 SANCTE
748 276 1067 314 TRINITATIS
1094 276 1166 312 DE
1194 275 1527 312 EDINBURGH.
1759 277 1805 313 159

232 391 310 414 mus
330 379 429 425 quod
448 378 601 425 quilibet
619 377 946 425 prebendariorum
966 389 1049 412 cum
1069 375 1258 423 dispositus
1277 376 1388 411 fuerit
1406 375 1542 410 missam
1563 375 1723 411 celebret
1742 375 1803 421 qui

231 445 310 492 post
341 445 478 481 missam
509 446 793 481 sacerdotalibus
824 445 974 481 indutus
1003 444 1228 480 ornamentis
1265 457 1347 480 eum
1383 444 1482 491 is'opa
1513 445 1560 479 ad
1589 444 1804 479 fundatricis

231 514 459 561 sepulchrum
487 514 638 549 accedet
664 513 787 560 ibique
815 513 876 548 De
900 513 1098 560 profundis
1127 524 1210 547 cum
1240 512 1412 548 oracione
1440 513 1602 548 fidelium
1631 518 1666 547 et
1693 524 1803 560 popu-

232 582 348 617 lorum
381 582 429 617 ad
459 581 700 617 deuocionem
733 581 968 616 exortacione
1003 581 1135 615 deuote
1171 580 1337 627 perleget
1368 602 1375 608 ·
1409 579 1591 615 Volumus
1622 581 1737 616 eciam
1768 586 1804 615 et

231 650 443 685 ordinamus
474 649 572 696 quod
603 648 784 684 matutina
815 662 837 684 a
872 648 961 683 festo
994 648 1254 683 Penthecostes
1287 649 1396 695 vsque
1430 649 1475 683 ad
1511 648 1641 684 festum
1681 648 1804 685 Sancti

231 716 425 752 Michaelis
444 716 536 751 hora
553 716 772 751 inchoentur
791 717 920 763 quinta
938 716 983 751 de
1002 728 1108 750 mane
1132 721 1168 751 et
1186 728 1208 750 a
1226 715 1317 750 festo
1338 715 1462 751 Sanfiffi
1481 716 1675 751 Michaelis
1696 716 1803 763 vsque

230 785 276 820 ad
296 784 561 820 Penthecosten
580 784 672 820 hora
690 785 735 819 de
754 797 860 820 mane
879 784 979 819 sexta
1003 783 1152 818 inicium
1172 783 1357 830 accipiant
1376 790 1411 819 et
1431 785 1529 831 quod
1548 784 1668 820 statim
1688 790 1801 819 matu-

231 853 316 888 tinis
343 853 456 889 finitis
487 853 535 889 ad
565 853 680 888 altare
713 852 825 888 Beate
849 852 1014 899 Virginis
1046 852 1175 888 eadem
1207 851 1306 887 missa
1335 853 1575 888 ebdomidalis
1605 854 1802 889 secundum

230 921 391 957 tabulam
418 934 484 969 pro
512 921 769 957 itinerantibus
795 921 1002 957 celebretur
1031 927 1067 956 et
1094 921 1256 957 similiter
1279 922 1342 957 fiat
1372 921 1471 958 missa
1500 922 1740 958 ebdomidalis
1765 923 1802 957 in

230 988 371 1036 capella
389 989 576 1036 hospitalis
601 989 689 1025 hora
719 1002 817 1025 nona
843 1002 910 1037 pro
934 990 1155 1037 pauperibus
1175 997 1211 1026 et
1229 990 1383 1026 infirmis
1402 990 1535 1026 ibidem
1556 991 1774 1038 degentibus
1794 1013 1800 1017 -

230 1057 410 1093 Volumus
429 1058 545 1093 eciam
565 1064 600 1093 et
619 1058 829 1094 ordinamus
851 1065 887 1094 vt
914 1058 1115 1106 prepositus
1134 1065 1170 1095 et
1189 1060 1425 1107 prebendarii
1445 1060 1618 1095 antediffi
1638 1067 1801 1107 tempore

229 1125 301 1162 vite
317 1126 439 1161 nostre
458 1126 749 1162 anniuersarium
773 1139 840 1174 pro
860 1128 1045 1174 quondam
1071 1128 1307 1164 illustriffimo
1326 1129 1493 1176 principe
1512 1128 1654 1164 Jacobo
1677 1127 1802 1164 Scoto-

228 1206 306 1229 rum
326 1206 413 1241 rege
433 1194 555 1229 nostro
580 1194 779 1230 tenerrimo
807 1194 963 1243 coniuge
991 1196 1123 1233 deuote
1149 1197 1365 1245 impendant
1392 1204 1428 1233 et
1453 1197 1532 1245 post
1559 1198 1721 1233 nostrum
1742 1199 1800 1233 de-

228 1262 358 1298 cessum
379 1263 669 1299 anniuersarium
689 1263 790 1298 suum
809 1269 846 1299 et
864 1264 1027 1299 nostrum
1046 1278 1113 1312 pro
1133 1266 1238 1301 nobis
1257 1273 1294 1301 et
1311 1267 1442 1302 nostris
1461 1266 1587 1302 liberis
1606 1266 1801 1303 anteeess'o-

229 1332 326 1367 ribus
356 1338 392 1367 et
420 1331 679 1367 successoribus
711 1331 843 1367 nostris
874 1332 933 1367 die
963 1333 1082 1368 obitus
1109 1333 1159 1369 sui
1193 1340 1229 1370 et
1253 1334 1367 1369 nostri
1396 1347 1540 1370 necnon
1565 1347 1632 1382 pro
1659 1335 1801 1382 prefato

229 1400 432 1436 reuerendo
464 1400 500 1435 in
535 1400 681 1436 Christo
712 1406 816 1447 patre
848 1400 989 1436 Jacobo
1019 1402 1196 1437 moderno
1228 1403 1396 1450 episcopo
1429 1402 1692 1440 Sanctiandree
1722 1406 1801 1451 post

230 1470 330 1504 suum
349 1468 529 1504 decessum
548 1468 734 1516 perpetuis
753 1468 886 1504 futuris
905 1470 1129 1516 temporibus
1149 1471 1346 1507 decantent
1365 1477 1400 1507 et
1420 1472 1607 1507 celebrent
1625 1492 1632 1499 ·
1647 1472 1800 1520 Insuper

231 1537 419 1573 statuimus
438 1537 709 1582 etfordinamus
737 1537 836 1584 quod
864 1537 950 1572 dieti
982 1539 1217 1585 prebendarii
1246 1540 1284 1575 in
1311 1539 1464 1576 ecclesia
1488 1541 1681 1587 collegiata
1700 1548 1799 1576 ante-

229 1606 324 1642 ‹liaa
342 1606 629 1641 administraturi
656 1606 695 1640 in
724 1607 785 1640 suo
814 1606 933 1653 primo
963 1606 1117 1642 introitu
1144 1607 1326 1654 preposito
1354 1621 1420 1655 pro
1445 1613 1608 1657 tempore
1633 1609 1800 1645 existenti

229 1674 480 1710 obedienciam
498 1673 659 1721 prestent
677 1673 884 1709 manualem
904 1693 911 1701 ·
931 1674 1230 1711 Reformaciones
1255 1682 1292 1712 et
1319 1679 1572 1713 correcciones
1592 1678 1797 1714 defe&uum

229 1743 329 1778 circa
356 1743 519 1790 regimen
547 1741 664 1777 diuini
693 1741 812 1777 cultus
839 1742 876 1777 in
904 1741 977 1789 ipso
1007 1743 1162 1792 collegio
1192 1745 1490 1792 contingencium
1509 1746 1555 1781 ad
1578 1746 1798 1793 prepositum

230 1823 311 1846 eum
335 1810 555 1846 cohercione
579 1809 704 1846 debita
728 1809 938 1857 pertineant
965 1813 1026 1857 qui
1055 1811 1170 1847 eciam
1195 1812 1356 1848 defefiws
1383 1813 1420 1848 in
1446 1813 1549 1861 penis
1577 1815 1799 1861 pecuniariis

230 1880 289 1914 seu
306 1879 386 1914 aliis
405 1878 602 1914 secundum
623 1878 757 1913 statuta
775 1877 948 1924 prepositi
971 1885 1007 1914 et
1034 1879 1185 1926 capituli
1204 1880 1358 1927 desuper
1383 1882 1576 1917 condenda
1598 1885 1798 1930 permutari

230 1960 273 1983 ac
301 1947 418 1983 leuari
448 1947 594 1982 valeant
623 1951 659 1981 et
686 1946 844 1982 debeant
863 1968 870 1975 ·
888 1946 1077 1982 Postremo
1108 1948 1297 1984 statuimus
1326 1956 1362 1985 et
1388 1950 1599 1986 ordinamus
1629 1962 1667 1987 vt
1696 1953 1799 1988 nobis

231 2016 385 2052 facultas
404 2015 615 2050 omnimoda
641 2020 677 2050 et
708 2015 819 2062 plena
844 2015 1002 2062 potestas
1029 2017 1149 2063 quoad
1169 2016 1364 2052 vixerimus
1391 2018 1551 2054 addendi
1571 2019 1800 2056 diminuendi

231 2091 267 2120 et
297 2084 531 2132 permutandi
554 2090 590 2119 et
624 2083 763 2130 singula
794 2084 946 2119 obscura
974 2090 1009 2119 et
1041 2084 1160 2120 minus
1188 2085 1288 2121 clara
1314 2085 1531 2122 illucidandi
1558 2087 1596 2122 in
1623 2089 1799 2135 premissis

232 2152 380 2199 singulis
398 2164 525 2187 eorum
552 2150 716 2186 articulis
745 2157 781 2186 et
807 2151 980 2186 membris
1006 2152 1250 2188 incidentibus
1278 2154 1536 2201 dependenciis
1563 2163 1599 2191 et
1626 2160 1798 2193 connexis

231 2221 268 2255 in
288 2220 447 2256 vberiori
474 2220 591 2255 forma
618 2219 813 2254 secundum
841 2219 1130 2267 iurisperitorum
1158 2227 1194 2256 et
1221 2222 1382 2257 virorum
1414 2224 1654 2270 prudencium
1687 2226 1799 2261 consi—

231 2289 318 2324 lium
347 2288 553 2324 reseruetur
573 2309 580 2316 ·
600 2287 771 2323 Vestram
804 2287 916 2335 igitur
944 2289 1186 2324 reuerendam
1218 2290 1475 2337 paternitatem
1505 2292 1691 2328 humiliter
1718 2307 1798 2341 pre-

232 2369 357 2392 camur
388 2362 425 2392 et
455 2355 675 2403 requirimus
707 2361 886 2402 quatenus
915 2356 1001 2392 dieti
1034 2358 1179 2405 collegii
1210 2359 1467 2396 fundacionem
1498 2361 1729 2398 dotacionem
1763 2372 1799 2400 et

233 2423 445 2460 diuisionem
469 2424 529 2459 seu
553 2423 850 2459 distribucionem
878 2436 942 2471 per
962 2437 1027 2460 nos
1047 2433 1084 2461 vt
1108 2427 1332 2473 premittitur
1351 2429 1463 2465 faaas
1486 2430 1524 2465 in
1544 2431 1710 2467 omnibus
1729 2433 1798 2468 suis
