2147 2964
787 284 859 320 DE
889 284 1202 321 RESTALRIG.
1709 289 1779 325 277

211 448 324 485 Carta
342 450 503 497 magistri
524 451 667 487 Thomc
688 451 853 487 Diksoun
875 452 1003 487 decani
1024 452 1069 487 de
1090 452 1279 500 Lestalrig.

121 585 143 616 ‘2
205 568 390 622 JACOBUS
414 586 487 623 Dei
513 587 640 635 gracia
666 600 729 623 rex
758 587 950 624 Scotorum
978 589 1143 624 omnibus
1168 588 1291 636 probis
1318 588 1524 623 hominibus
1543 588 1659 623 tocius
1678 594 1774 624 terre

208 654 350 690 clericis
370 661 406 690 et
429 655 533 691 laicis
560 656 709 691 salutem
730 677 737 684 ·
760 655 892 692 Sciatis
918 669 984 692 nos
1011 657 1049 691 in
1076 657 1221 692 laudem
1249 662 1285 692 et
1311 655 1486 691 honorem
1506 655 1578 691 Dci
1600 655 1774 702 Omnipo-

208 723 319 758 tentis
337 723 458 759 Patris
478 723 560 759 Filii
589 731 625 759 ct
652 724 808 771 Spiritus
837 724 960 760 San-sti
988 731 1025 760 et
1046 725 1106 759 sue
1124 723 1321 759 beatiffime
1339 724 1466 759 matris
1485 723 1606 758 Mario
1624 723 1776 770 virginis

207 789 454 838 gloriosissime
472 797 507 826 et
525 804 593 838 pro
608 791 721 827 salute
741 792 944 827 animarum
973 792 1157 839 quondam
1188 790 1448 826 cariffimorum
1465 791 1580 838 patris
1597 798 1632 827 et
1651 792 1776 827 matris

205 857 410 894 nostrorum
439 871 594 906 quorum
622 859 812 895 animabus
839 860 1064 908 propicietur
1082 859 1185 894 Deus
1212 871 1254 894 ac
1281 871 1347 906 pro
1374 859 1613 906 prosperitate
1633 867 1668 895 ct
1688 860 1776 895 salu-

203 926 258 962 bri
279 926 374 963 statu
392 926 506 962 nostri
529 933 566 963 et
585 927 763 964 carissime
784 928 960 964 consortis
978 926 1099 963 nostre
1125 926 1338 974 Margarete
1363 927 1489 974 regine
1511 933 1547 963 et
1573 927 1775 964 nostrorum

203 994 440 1030 successorum
469 995 602 1031 dedisse
635 994 839 1031 concessisse
870 994 1122 1031 admortizaffe
1154 1001 1190 1030 et
1218 1007 1285 1042 pro
1315 995 1420 1030 nobis
1452 1001 1488 1031 et
1520 996 1775 1032 successoribus

203 1062 335 1098 nostris
354 1063 401 1099 ad
419 1076 567 1099 manum
586 1069 766 1099 mortuam
783 1076 849 1111 pro
867 1070 1043 1111 perpetuo
1063 1062 1284 1099 confirmasse
1304 1063 1436 1099 dilecto
1454 1064 1622 1100 familiari
1642 1064 1776 1101 clerico

204 1130 326 1167 nostro
353 1131 526 1181 magistro
547 1132 690 1168 Thome
710 1132 878 1168 Diksoun
907 1133 1046 1168 decano
1074 1131 1224 1167 ecclesie
1252 1132 1443 1180 collegiate
1471 1133 1516 1168 de
1535 1132 1716 1182 Lestalrig
1733 1147 1775 1170 ac

203 1200 389 1236 canonicis
408 1206 445 1236 et
462 1201 717 1248 prebendariis
745 1201 783 1236 in
810 1201 937 1236 eadem
966 1200 1126 1236 fundatis
1153 1206 1189 1236 et
1218 1201 1412 1236 fundandis
1441 1209 1478 1237 ct
1497 1214 1623 1237 eorum
1644 1202 1776 1238 succes-

201 1268 339 1304 soribus
359 1274 452 1304 totas
471 1275 508 1304 et
526 1269 688 1317 integras
715 1270 804 1305 duas
832 1282 935 1304 acras
963 1275 1142 1305 terrarum
1172 1282 1254 1305 cum
1280 1282 1397 1317 grano
1424 1276 1458 1305 et
1479 1276 1583 1317 prato
1603 1277 1723 1307 aratas
1742 1280 1777 1306 et

199 1343 409 1372 manuratas
429 1337 601 1384 contigue
629 1337 840 1373 adiacentes
867 1350 912 1372 ex
938 1344 1041 1385 parte
1069 1337 1216 1374 australi
1244 1338 1393 1374 ecclesie
1417 1338 1462 1373 de
1482 1337 1662 1387 Lestalrig
1681 1339 1775 1374 inter

197 1418 389 1441 commune
408 1405 609 1453 passagium
629 1406 726 1441 inter
744 1405 927 1454 Lestalrig
951 1412 986 1441 et
1006 1406 1140 1454 Nudry
1160 1419 1204 1441 ex
1222 1412 1327 1454 parte
1347 1406 1566 1442 occidentali
1594 1412 1710 1442 terras
1729 1408 1773 1442 de

197 1473 379 1521 Lestalrig
394 1487 437 1509 ex
456 1480 562 1522 parte
582 1474 754 1510 orientali
770 1474 893 1510 villam
913 1475 958 1510 dc
973 1474 1155 1522 Lcstalrig
1174 1487 1217 1510 ex
1237 1481 1341 1521 parte
1361 1475 1499 1510 boreali
1519 1480 1554 1510 et
1573 1480 1772 1511 torrentem

197 1549 406 1578 currentem
435 1542 533 1578 infra
558 1548 706 1590 piatum
734 1542 963 1578 occidentale
990 1544 1035 1578 dc
1054 1543 1236 1591 Lestalrig
1261 1549 1426 1591 exparte
1445 1544 1593 1579 australi
1613 1544 1773 1580 iacentes

196 1610 294 1646 infra
325 1610 618 1647 vicecomitatum
653 1612 817 1646 nostrum
848 1611 893 1646 de
923 1611 1141 1658 Edinburgh
1170 1624 1236 1660 pro
1265 1611 1509 1647 mansionibus
1540 1612 1705 1648 domibus
1737 1621 1772 1648 et

198 1679 286 1714 ortis
305 1679 412 1714 dietis
431 1679 573 1715 decano
602 1679 790 1715 canonicis
817 1686 854 1715 et
880 1680 1132 1727 prebendariis
1160 1680 1374 1716 edificandis
1394 1685 1430 1715 et
1447 1679 1576 1715 fiendis
1596 1701 1603 1709 ·
1623 1682 1771 1728 quequi-

198 1747 278 1782 dem
297 1747 368 1782 due
387 1759 471 1782 acre
491 1753 673 1783 terrarum
688 1747 714 1783 J
717 1747 853 1783 ohanni
871 1747 1021 1794 Logane
1041 1749 1085 1784 de
1105 1748 1285 1795 Lestalrig
1303 1747 1410 1782 militi
1429 1747 1531 1794 prius
1550 1747 1771 1784 hereditarie

197 1814 433 1862 pertinebant
452 1821 488 1850 et
507 1828 573 1862 per
592 1815 707 1862 ipsum
735 1828 827 1863 pure
846 1821 882 1851 et
901 1815 1112 1863 simpliciter
1130 1816 1168 1851 in
1195 1815 1364 1851 manibus
1391 1815 1522 1850 nostris
1541 1821 1713 1863 tanquam
1733 1817 1770 1852 in

199 1883 365 1918 manibus
384 1883 521 1918 domini
541 1883 736 1931 superioris
755 1896 871 1931 nuper
898 1883 1078 1931 resignate
1106 1890 1211 1919 erant
1239 1883 1285 1919 ad
1311 1883 1471 1918 nostram
1493 1883 1715 1931 placenciam
1735 1892 1771 1920 et

201 1951 425 1986 voluntatem
448 1951 698 1998 dispendende
718 1973 724 1980 ·
747 1951 945 1986 Tenendas
972 1957 1009 1986 et
1034 1951 1221 1986 habendas
1250 1956 1343 1986 totas
1370 1956 1406 1986 et
1432 1950 1594 1998 integras
1612 1952 1770 2000 prefatas

200 2019 290 2054 duas
309 2031 413 2054 acras
432 2026 613 2054 terrarum
635 2031 717 2054 cum
738 2019 976 2066 pertinenciis
1002 2019 1172 2067 prcdirStis
1191 2019 1331 2054 decano
1351 2019 1549 2066 capellanis
1566 2027 1602 2056 et
1620 2022 1772 2068 preben-

200 2087 312 2122 dariis
332 2094 512 2122 eteorum
540 2087 797 2123 successoribus
826 2087 871 2123 de
902 2087 1007 2123 nobis
1036 2093 1073 2123 et
1102 2087 1358 2123 successoribus
1387 2087 1519 2123 nostris
1548 2088 1584 2123 in
1610 2089 1716 2125 feodo
1737 2098 1773 2126 et

200 2155 407 2191 hereditate
427 2161 462 2190 ct
481 2155 527 2190 ad
546 2167 693 2190 manum
713 2161 894 2190 mortuam
916 2155 1182 2203 imperpetuum
1200 2168 1266 2203 per
1285 2168 1410 2191 omnes
1427 2158 1543 2191 redas
1561 2163 1674 2193 metas
1693 2159 1772 2195 suas

202 2223 368 2270 antiquas
389 2228 424 2258 et
443 2222 576 2258 diuisas
603 2228 712 2270 prout
738 2223 860 2258 iacent
887 2222 924 2258 in
950 2223 1180 2271 longitudine
1200 2230 1236 2259 et
1254 2223 1445 2259 latitudine
1465 2224 1502 2259 in
1523 2225 1635 2261 boscis
1653 2227 1772 2273 planis

203 2291 313 2327 moris
332 2290 512 2326 marrcsiis
532 2291 600 2326 viis
619 2290 752 2327 semitis
779 2291 883 2338 aquis
910 2291 1046 2338 stagnis
1069 2292 1195 2327 riuolis
1213 2292 1328 2339 pratis
1346 2292 1486 2340 pascuis
1506 2299 1542 2328 et
1558 2294 1710 2341 pasturis
1730 2308 1771 2331 ac

203 2373 285 2396 cum
304 2359 470 2395 omnibus
497 2359 576 2394 aliis
604 2365 640 2395 et
668 2359 817 2407 singulis
844 2358 1074 2395 libertatibus
1102 2360 1418 2396 commoditatibus
1446 2367 1482 2396 et
1505 2361 1710 2398 asiamentis
1729 2377 1771 2400 ac

202 2427 302 2463 iustis
333 2427 570 2474 pertinenciis
601 2428 671 2463 suis
702 2428 977 2475 quibuscunque
1005 2435 1078 2464 tam
1109 2440 1182 2463 non
1212 2428 1409 2464 nominatis
1437 2441 1544 2475 quam
1576 2431 1771 2468 nominatis
