2147 2964
341 302 413 333 300
705 297 882 333 CARTE
912 295 1163 332 ECCLESIE
1194 295 1534 332 COLLEGLATE

342 411 484 434 necnon
513 396 853 443 incorporacionem
875 396 1043 430 vnionem
1071 401 1107 430 et
1134 395 1420 430 annexacionem
1449 395 1649 430 huiusmodi
1672 395 1756 430 fecit
1776 395 1911 442 ipsique

340 464 540 514 prepositus
571 470 607 499 et
638 463 871 512 prebendarii
907 463 1032 511 vigore
1066 463 1379 510 incorporacionis
1411 463 1554 498 vnionis
1587 469 1623 498 et
1651 463 1911 498 annexacionis

341 533 585 581 p1·edi6tarun1
614 532 841 579 corporalem
870 531 976 578 ipsius
1004 531 1157 566 rectorie
1187 532 1288 567 cuius
1313 531 1451 566 f1·u6tus
1476 531 1640 566 redditus
1659 537 1695 566 et
1713 538 1912 578 prouentus

341 601 585 649 quadraginta
618 601 795 636 librarum
832 599 1080 647 stirlingorum
1116 598 1307 635 secundem
1345 612 1571 635 communem
1608 599 1911 634 existimacionem

341 671 501 706 valorem
530 682 691 705 annuum
718 682 792 704 non
820 668 1002 703 excedunt
1030 666 1275 714 posseffionem
1308 667 1626 715 apprehendentes
1652 667 1752 703 illam
1780 674 1912 703 extunc

341 745 538 776 tenuerunt
557 743 663 785 provt
684 743 829 773 tenetur
849 737 886 771 in
908 737 988 771 vsus
1008 736 1207 771 eorundem
1227 758 1233 764 ·
1256 736 1350 772 Cum
1378 742 1499 772 autem
1519 735 1609 771 ficut
1635 736 1761 771 eadem
1780 736 1912 784 peticio

341 808 578 855 subiungebat
599 806 669 854 ipse
689 805 791 840 miles
811 805 1005 841 attendens
1024 804 1122 851 quod
1142 804 1185 839 de
1203 804 1379 839 frufitibus
1397 804 1600 839 redditibus
1620 810 1656 839 et
1675 804 1913 855 prouentibus

340 875 514 925 premissis
533 877 656 911 decem
681 874 917 922 prebendarii
945 879 980 908 et
1008 873 1080 907 duo
1108 872 1211 920 pueri
1240 872 1391 919 prediffti
1421 873 1609 907 commode
1628 872 1819 907 sustentari
1839 885 1912 906 non

341 945 471 993 poffint
498 957 688 980 numerum
717 943 871 978 aliorum
895 942 1056 989 quinque
1085 941 1356 989 capellanorum
1386 941 1584 976 eorundem
1606 941 1643 975 in
1662 941 1737 988 ipso
1758 940 1913 988 collegio

341 1015 442 1049 iuxta
470 1014 647 1048 diffitarum
677 1012 864 1047 literarum
897 1016 1060 1046 tenorem
1094 1010 1396 1046 instituendorum
1429 1010 1476 1045 ad
1505 1016 1661 1056 quatuor
1697 1009 1829 1057 [redigi
1862 1009 1914 1044 ita

341 1083 438 1130 quod
466 1093 597 1117 nouem
625 1080 714 1115 inibi
741 1079 974 1127 prebendarii
1005 1079 1149 1125 duoque
1177 1078 1282 1125 pueri
1308 1078 1375 1113 fint
1402 1077 1573 1125 instituti]
1605 1090 1748 1112 necnon
1767 1077 1913 1112 illorum

341 1151 488 1199 singulis
517 1161 697 1197 congruas
726 1148 771 1183 de
804 1147 953 1194 prefatis
979 1147 1155 1182 fructibus
1180 1146 1381 1181 redditibus
1404 1152 1438 1180 et
1465 1145 1703 1192 prouentibus
1722 1146 1914 1192 porciones

340 1219 507 1255 distribui
538 1216 686 1253 limitari
715 1222 751 1251 et
779 1215 949 1262 assignari
983 1213 1214 1260 concupiscat
1246 1226 1311 1248 nos
1344 1214 1420 1249 eius
1453 1213 1487 1248 in
1516 1213 1584 1248 hac
1610 1220 1713 1260 parte
1741 1214 1916 1261 supplica-

340 1288 505 1323 cionibus
524 1285 688 1321 inclinati
710 1291 770 1319 tue
790 1283 1013 1318 fraternitati
1041 1295 1105 1330 per
1125 1281 1325 1329 apostolica
1348 1281 1479 1329 scripta
1503 1282 1717 1317 mandamus
1737 1288 1916 1329 quatenus

343 1356 545 1405 [postquam
565 1353 626 1389 tibi
649 1354 693 1388 de
713 1352 896 1399 postremo
924 1351 1028 1386 nobis
1057 1350 1225 1397 expositis
1253 1350 1461 1385 huiusmodi
1489 1350 1666 1397 legittime
1694 1350 1913 1399 constiterit]

340 1436 531 1460 numerum
568 1422 770 1470 predifiwm
808 1421 854 1455 ad
887 1426 1044 1466 quatuor
1175 1419 1198 1454 d
1230 1419 1319 1454 alios
1352 1419 1560 1466 capellanos
1593 1419 1735 1455 eosdem
1764 1420 1916 1455 audori-

341 1500 413 1529 tate
441 1492 584 1540 prefata
611 1491 766 1526 reducas
793 1488 945 1537 ipsisque
973 1431 1227 1549 prebffiis
1254 1501 1385 1524 nouem
1416 1495 1451 1524 et
1476 1489 1597 1537 pueris
1624 1489 1668 1524 de
1693 1489 1795 1524 dietis
1822 1490 1916 1524 fruc-

340 1563 435 1598 tibus
453 1560 655 1596 redditibus
675 1565 710 1594 et
728 1558 969 1606 prouentibus
992 1556 1183 1604 porciones
1202 1557 1408 1593 huiusmodi
1427 1563 1534 1604 provt
1554 1557 1620 1592 tibi
1643 1557 1917 1593 racionabiliter

341 1631 523 1667 videbitur
558 1630 736 1665 decernas
774 1627 967 1662 distribuas
1005 1626 1139 1661 limites
1174 1626 1313 1673 pariter
1346 1631 1381 1661 et
1413 1625 1565 1673 affignes
1594 1638 1667 1660 non
1692 1625 1916 1661 obstantibus

342 1701 528 1736 voluntate
558 1697 725 1746 premissa
752 1709 793 1732 ae
827 1695 994 1730 omnibus
1027 1694 1096 1729 illis
1129 1707 1198 1741 que
1230 1695 1267 1729 in
1305 1694 1476 1741 prediffls
1512 1694 1627 1730 literis
1664 1707 1737 1729 non
1773 1695 1916 1731 obstare

342 1769 521 1804 voluimus
550 1766 751 1813 ceterisque
780 1764 975 1800 contrariis
1004 1764 1276 1811 quibuscunque
1297 1785 1303 1791 -
1325 1762 1462 1798 Datum
1485 1763 1599 1798 Rome
1628 1765 1724 1810 apud
1746 1763 1915 1800 Sanfitum

342 1838 491 1873 Petrum
511 1847 607 1871 anno
623 1833 900 1870 Incarnacionis
921 1832 1109 1874 millesimo
1124 1831 1481 1879 quadringentefimo
1497 1832 1771 1879 quadragesimo
1785 1839 1916 1879 quarto

343 1907 470 1953 quinto
489 1904 631 1941 decimo
650 1902 828 1938 kalendas
846 1901 938 1936 Julii
966 1901 1199 1949 pontificatus
1217 1900 1331 1934 nostri
1360 1912 1456 1935 anno
1477 1905 1607 1947 quarto
1627 1900 1767 1936 decimo
1787 1922 1793 1929 ·
1814 1900 1916 1936 Pos'r

343 1972 644 2021 quarumquidem
676 1970 867 2006 literarum
904 1969 1181 2017 apostolicarum
1219 1968 1511 2016 predicacionem
1549 1975 1584 2004 et
1623 1969 1915 2016 receptacionem

343 2044 474 2078 fuimus
501 2053 567 2088 pro
594 2045 698 2087 parte
728 2037 866 2073 domini
885 2037 1042 2085 Joannis
1071 2036 1260 2071 Forrester
1291 2049 1372 2071 cum
1400 2036 1578 2072 instancia
1606 2037 1727 2073 debita
1753 2037 1915 2084 requisiti

344 2116 523 2158 quatenus
555 2109 601 2145 ad
632 2107 891 2143 execucionem
920 2106 1097 2140 &zonarum
1124 2104 1314 2139 literarum
1342 2105 1624 2151 apostolicarum
1652 2105 1755 2140 nobis
1782 2106 1820 2140 in
1847 2106 1915 2141 hae

344 2186 448 2226 parte
480 2178 700 2213 dii-estarum
733 2174 933 2223 procedere
968 2185 1179 2208 curaremus
1215 2172 1316 2207 iuxta
1352 2172 1522 2207 traditam
1560 2172 1632 2208 fiue
1668 2173 1841 2209 directam
1877 2174 1914 2208 in

347 2248 477 2283 eisdem
505 2245 608 2281 nobis
636 2245 787 2280 formam
814 2242 920 2277 ·Nos
949 2242 1063 2289 igitur
1090 2241 1251 2276 ‚Iacobus
1279 2240 1464 2288 episcopus
1492 2247 1526 2276 et
1556 2247 1728 2277 executor
1754 2241 1914 2289 prefatus

348 2315 510 2350 volentes
537 2313 748 2348 mandatum
779 2310 1017 2358 apostolicum
1050 2310 1153 2344 nobis
1188 2310 1227 2344 in
1258 2309 1328 2344 hac
1359 2315 1462 2356 parte
1495 2309 1670 2347 direfitum
1702 2315 1914 2345 reuerenter

350 2382 479 2428 exequi
499 2388 536 2417 vt
555 2387 721 2416 tenemur
741 2386 776 2415 et
804 2379 889 2426 quia
917 2378 1134 2413 sufficienter
1162 2377 1345 2412 informati
1374 2377 1540 2424 premiss'a
1567 2377 1688 2412 omnia
1715 2383 1750 2412 et
1775 2377 1913 2424 singula

352 2451 386 2485 in
407 2449 574 2497 premetis
592 2448 705 2483 literis
733 2446 938 2494 apostolicis
967 2452 1139 2482 contenta
1167 2444 1265 2481 fuisse
1287 2450 1322 2480 et
1350 2444 1417 2480 effe
1438 2445 1590 2480 veritate
1610 2445 1758 2479 subnixa
1777 2445 1912 2491 preser-
