2147 2964
736 267 928 305 DOMUS
955 268 1027 305 DE
1058 269 1272 306 SOLTRE.
1777 277 1798 308 5

225 371 261 402 et
279 365 479 413 poffidetur
498 387 505 394 ·
525 365 606 414 Ego
634 371 755 402 autem
784 374 820 404 et
843 367 998 404 heredes
1027 369 1097 404 mei
1116 369 1433 405 warantizabimus
1451 370 1653 417 predifihzm
1673 370 1798 406 elimo-

224 434 336 470 finam
365 439 494 469 contra
520 446 645 469 omnes
674 434 712 469 in
741 435 909 471 omnibus
928 457 935 464 ·
963 436 1011 472 Et
1038 437 1076 472 in
1102 437 1210 473 huius
1237 438 1291 473 rei
1319 438 1566 474 testimonium
1593 440 1796 486 presentem

224 508 361 538 cartam
377 502 483 550 figilli
497 502 569 537 mei
585 502 786 538 munimine
803 503 973 539 roboraui
987 525 994 533 ·
1007 504 1077 540 hiis
1094 506 1242 541 testibus
1259 506 1380 542 Adam
1397 507 1551 554 persona
1565 508 1610 543 de
1625 508 1797 556 Kynnele

222 571 406 608 Michaele
427 571 617 619 capellano
645 571 740 606 socio
769 571 867 607 illius
887 572 1075 608 Willelmo
1104 574 1294 621 capellano
1318 575 1363 610 de
1383 575 1563 623 Karedyn
1582 576 1797 612 Alexandro

222 639 412 687 capellano
445 646 480 675 et
509 639 694 675 Duncano
727 640 863 676 elerico
894 641 939 676 de
968 641 1152 677 Balueard
1180 642 1328 690 Rogero
1356 643 1421 678 Ew
1440 644 1561 679 Adam
1589 645 1724 681 clerico
1752 646 1796 681 de

221 708 454 757 Linlythcow
474 713 510 744 et
529 708 654 744 multis
674 708 766 744 aliis.

222 868 336 906 Carta
354 868 506 904 Ricardi
524 868 589 903 filii
609 867 804 904 Michaelis
823 867 868 903 de
888 867 1062 904 Paistoun
1083 869 1127 904 de
1149 869 1227 904 iiii⁰r
1246 869 1354 905 bollis
1373 869 1557 906 frumenti.

227 967 428 1020 Vniuerfis
449 984 585 1020 Christi
612 984 781 1019 fidelibus
807 984 1012 1031 presentem
1038 989 1176 1019 cartam
1196 983 1323 1018 visuris
1343 983 1401 1019 vel
1420 983 1598 1019 audituris
1617 983 1798 1019 Ricardus

222 1052 317 1088 filius
336 1052 531 1088 Michaelis
558 1053 603 1088 de
623 1052 808 1101 Paystoun
838 1052 987 1088 salutem
1007 1071 1014 1079 ·
1035 1052 1194 1088 Nouerit
1213 1052 1430 1088 vniuerfitas
1450 1052 1570 1088 vestra
1596 1066 1653 1088 me
1673 1053 1798 1088 diuine

222 1120 368 1168 pietatis
396 1120 530 1157 intuitu
550 1127 585 1157 et
604 1133 671 1168 pro
690 1120 804 1156 salute
832 1121 953 1156 anime
976 1133 1055 1156 mee
1080 1130 1116 1157 et
1141 1121 1303 1157 omnium
1327 1120 1590 1157 antecessorum
1611 1128 1646 1157 et
1666 1122 1798 1157 succes-

223 1189 341 1224 sorum
359 1202 523 1225 meorum
544 1188 678 1225 dedisse
706 1195 742 1224 et
769 1188 972 1224 conceffifl'e
1000 1195 1035 1225 et
1062 1189 1131 1225 hac
1158 1190 1318 1236 presenti
1347 1196 1449 1226 carta
1473 1203 1555 1226 mea
1574 1190 1797 1227 confirmasse

226 1257 307 1292 Dco
326 1263 362 1293 et
381 1257 505 1292 domui
527 1256 659 1293 Sanfite
679 1256 876 1292 Trinitatis
903 1257 948 1292 de
979 1256 1098 1293 Soltre
1127 1264 1163 1293 et
1185 1258 1359 1294 fratribus
1386 1259 1521 1295 ibidem
1541 1259 1623 1294 Deo
1640 1260 1798 1295 seruien-

227 1326 321 1362 tibus
341 1332 498 1373 quatuor
515 1325 632 1361 bollas
658 1325 745 1361 boni
773 1325 946 1360 frumenti
974 1331 1010 1361 et
1040 1326 1121 1372 puri
1147 1326 1185 1361 in
1208 1338 1337 1373 puram
1357 1332 1393 1362 et
1411 1333 1625 1374 perpetuam
1646 1327 1798 1363 elimosi-

228 1407 310 1429 nam
329 1394 581 1441 percipiendas
600 1394 644 1428 dc
663 1406 720 1428 me
740 1399 776 1428 et
794 1393 990 1428 heredibus
1009 1393 1099 1428 meis
1118 1394 1306 1429 annuatim
1326 1394 1378 1429 eis
1397 1400 1434 1430 et
1453 1394 1709 1430 successoribus
1729 1396 1798 1430 suis

230 1463 275 1498 ad
294 1462 423 1497 festum
447 1461 568 1498 530611
589 1462 740 1497 Andree
767 1461 920 1508 apostoli
947 1461 985 1496 in
1013 1461 1142 1509 hyeme
1171 1462 1268 1509 apud
1287 1461 1470 1510 Paystoun
1501 1462 1574 1498 fine
1595 1464 1693 1498 omni
1713 1476 1796 1499 con-

229 1530 455 1566 tradiccione
480 1536 516 1566 01
542 1530 801 1577 impedimento
830 1549 837 1556 ·
868 1529 993 1572 Quare
1022 1530 1103 1565 volo
1134 1531 1232 1577 quod
1260 1543 1327 1578 ego
1355 1537 1391 1567 et
1417 1531 1570 1567 heredes
1596 1531 1668 1567 mei
1692 1532 1797 1567 dietis

228 1599 350 1634 domui
383 1605 419 1634 et
447 1599 621 1634 fratribus
652 1598 915 1646 imperpetuum
942 1599 988 1634 ad
1017 1598 1236 1634 solucionem
1267 1599 1353 1634 (11ἃί
1384 1599 1557 1635 frumenti
1583 1599 1796 1646 supradictis

224 1667 305 1703 loco
331 1673 367 1702 et
395 1666 551 1702 termino
583 1672 774 1702 teneamur
791 1686 798 1694 ·
818 1666 866 1702 Et
894 1672 932 1702 vt
962 1666 1030 1702 ista
1060 1679 1141 1702 mea
1168 1667 1324 1702 donacio
1351 1672 1432 1702 rata
1458 1667 1500 1702 sit
1527 1672 1563 1703 et
1589 1667 1797 1703 inconcussa

222 1735 369 1782 presens
385 1734 556 1782 scriptum
575 1734 681 1781 figilli
700 1734 771 1769 mei
790 1734 991 1770 munimine
1011 1735 1183 1770 roboraui
1199 1758 1206 1765 ·
1221 1735 1291 1770 hiis
1310 1735 1459 1771 testibus
1470 1735 1664 1783 Radulpho
1677 1738 1796 1784 capel-

222 1804 305 1839 lano
325 1804 370 1839 de
386 1803 571 1851 Paystoun
592 1802 758 1838 Henrico
777 1803 933 1850 persona
951 1803 995 1838 dc
1015 1803 1205 1838 Dunmani
1224 1803 1396 1839 ι1011311110
1416 1803 1489 1839 fine
1509 1810 1608 1840 terra
1623 1804 1794 1840 Johanne

222 1871 351 1919 Longo
371 1870 560 1907 Willelmo
582 1870 712 1907 Sumer
732 1870 895 1906 Roberto
914 1871 988 1905 filio
1007 1871 1190 1907 Johannis
1212 1871 1357 1907 Thoma
1377 1871 1457 1907 Cod
1476 1878 1511 1908 et
1529 1872 1653 1908 multis
1672 1873 1762 1909 aliis.

224 2027 338 2065 Carta
355 2028 381 2064 J
384 2028 538 2065 ohannis
557 2028 623 2064 filii
641 2028 792 2064 Roberti
813 2028 934 2064 Ruffel
952 2029 998 2064 de
1017 2029 1231 2077 quibusdam
1250 2030 1358 2066 terris
1377 2031 1422 2066 de
1441 2029 1684 2068 DuncanlaW.

122 2146 154 2176 ³⁸-
221 2130 415 2185 Omnibus
436 2146 573 2183 Christi
592 2146 759 2182 fidelibus
785 2147 991 2193 presentem
1019 2152 1158 2182 cartam
1177 2147 1306 2183 visuris
1326 2147 1383 2183 vel
1403 2148 1583 2184 audituris
1601 2148 1627 2184 J
1630 2149 1791 2185 ohannes

221 2215 315 2251 filius
334 2216 487 2251 Roberti
508 2214 629 2250 Russel
649 2215 694 2250 de
713 2215 940 2251 Doncanlaw
961 2215 1110 2250 salutem
1127 2237 1133 2243 ·
1155 2215 1345 2252 Noueritis
1364 2229 1422 2252 me
1439 2217 1571 2253 dedisse
1591 2218 1793 2254 conceffifle

222 2289 258 2319 01
276 2283 344 2319 1130
372 2289 475 2320 03113
500 2296 583 2318 mea
609 2283 832 2318 confirmasse
851 2283 933 2318 Deo
956 2289 991 2318 et
1011 2283 1135 2318 domui
1156 2283 1287 2319 Samae
1305 2284 1501 2321 Trinitatis
1522 2286 1567 2321 de
1588 2286 1708 2323 Soltre
1726 2301 1793 2335 pro

223 2351 344 2388 anima
371 2365 451 2388 mea
478 2357 514 2387 et
542 2350 805 2388 antecessorum
838 2358 874 2387 et
907 2351 1143 2387 successorum
1168 2364 1332 2388 meorum
1360 2353 1397 2389 in
1423 2354 1575 2389 liberam
1604 2367 1732 2402 puram
1759 2364 1793 2392 et

222 2424 434 2467 perpetuam
455 2418 678 2455 elimosinam
697 2418 884 2454 dimidiam
912 2419 1083 2455 bouatam
1113 2427 1209 2456 terre
1233 2433 1315 2456 cum
1335 2422 1426 2457 tofto
1446 2428 1482 2458 et
1501 2423 1617 2458 crofto
1636 2423 1674 2459 in
1694 2424 1793 2460 dimi—
