2147 2964
105 1563 148 1595 12

814 311 886 347 DE
913 311 1186 348 DALKETH.
1712 316 1784 353 319

211 410 395 456 quondam
415 410 554 446 domini
573 410 598 446 J
601 410 705 446 acobi
728 410 773 446 de
792 410 958 459 Douglas
977 411 1113 447 domini
1134 411 1179 446 de
1198 410 1363 446 Dalketh
1391 411 1553 458 approbo
1580 411 1721 447 ratifico
1741 424 1783 447 ac

211 490 278 525 pro
297 490 354 514 me
375 484 410 514 et
426 478 623 514 heredibus
650 478 740 514 meis
767 479 1037 527 imperpetuum
1057 479 1232 515 confirmo
1251 499 1258 506 ·
1278 478 1322 514 In
1342 480 1444 514 cuius
1464 479 1518 515 rei
1537 479 1783 515 testimonium

212 545 368 594 sigillum
387 560 505 583 meum
533 547 619 582 huic
637 546 794 595 presenti
822 548 955 594 scripto
982 560 1063 582 meo
1091 547 1142 582 est
1169 547 1363 595 appensum
1382 568 1388 576 ·
1408 547 1456 583 Et
1475 548 1562 594 quia
1580 560 1647 595 ego
1667 548 1784 583 dietus

212 613 336 649 Dauid
356 614 509 662 sigillum
529 614 717 662 proprium
747 615 792 649 ad
819 615 966 662 presens
993 628 1066 650 non
1093 615 1204 650 habui
1231 614 1386 662 sigillum
1415 615 1583 650 cariffimi
1602 616 1782 652 awunculi

211 682 283 718 mei
303 682 480 718 Willelmi
507 683 551 718 dc
577 682 754 719 Cokburn
782 683 826 718 de
856 683 1088 718 Henrilande
1116 682 1203 717 huic
1232 682 1393 729 presenti
1422 683 1554 730 scripto
1583 683 1620 718 in
1645 683 1783 731 signum

210 751 282 785 mei
302 750 494 786 consensus
513 755 549 785 et
572 749 725 786 assensus
752 751 930 798 presentis
957 750 1170 786 donacionis
1198 755 1234 785 et
1261 749 1496 785 concessionis
1524 750 1684 785 omnium
1704 764 1784 798 pre-

212 818 426 866 scriptorum
445 819 579 866 apponi
597 831 679 853 cum
699 818 879 854 instancia
905 818 1102 865 procuraui
1128 817 1268 852 habens
1287 817 1358 852 vim
1380 817 1543 865 vigorem
1564 824 1598 853 et
1618 818 1783 854 effectum

212 886 318 934 figilli
337 887 477 934 proprii
497 887 594 934 apud
613 886 830 934 Edinburgh
850 887 943 922 xxv²⁰
963 886 1021 922 die
1040 884 1169 921 mensis
1187 884 1357 921 Januarii
1385 898 1481 921 anno
1501 885 1652 921 Domini
1672 887 1782 922 mille-

213 954 298 990 fimo
318 953 675 1003 quadringentesimo
695 955 972 1002 quadragesimo
998 967 1096 989 nono
1116 966 1237 989 coram
1257 953 1328 988 hiis
1348 953 1497 989 testibus
1519 954 1687 990 videlicet
1705 968 1784 1002 prc-

211 1023 286 1060 fato
306 1023 473 1059 Waltero
493 1028 596 1071 patre
619 1035 700 1057 meo
721 1022 866 1058 Thoma
886 1022 1018 1070 Ynglis
1046 1023 1090 1057 de
1110 1021 1402 1058 Murthowstoun
1422 1021 1582 1058 Patricio
1602 1022 1720 1058 Lowis
1739 1024 1783 1059 de

214 1092 346 1128 Mener
364 1092 536 1128 Johanne
565 1091 650 1128 Scot
677 1097 713 1127 et
738 1090 901 1126 Roberto
929 1090 1092 1126 Michael
1120 1102 1200 1125 cum
1230 1089 1352 1125 multis
1373 1089 1452 1125 aliis
1472 1089 1620 1125 testibus
1640 1091 1685 1126 ad
1704 1104 1783 1138 pre-

213 1159 314 1196 missa
335 1160 483 1196 vocatis.

216 1364 325 1399 Noua
344 1363 486 1399 ereccio
506 1361 656 1398 ecclesie
677 1361 868 1409 collegiate
889 1362 933 1397 de
949 1360 1112 1397 Dalketh
1131 1373 1197 1408 per
1213 1361 1399 1396 dominum
1416 1360 1596 1397 Jacobum
1617 1363 1784 1398 comitem

216 1432 261 1467 de
281 1431 467 1467 Mortoun.

216 1552 448 1604 thmnffls
469 1572 505 1602 et
523 1565 671 1614 singulis
692 1565 826 1602 Christi
853 1564 1020 1601 fidelibus
1047 1565 1230 1613 presentes
1257 1564 1381 1600 literas
1409 1564 1480 1600 flue
1505 1566 1651 1612 presens
1669 1566 1784 1612 publi-

215 1649 296 1671 cum
314 1634 590 1670 instrumentum
609 1634 738 1669 harum
758 1633 884 1668 seriem
904 1633 1096 1668 continens
1116 1632 1329 1679 inspefituris
1347 1632 1472 1668 visuris
1486 1633 1632 1668 lefituris
1645 1634 1785 1681 pariter

214 1709 250 1739 et
268 1702 446 1738 audituris
464 1701 590 1749 illique
609 1701 669 1737 uel
690 1701 761 1736 illis
780 1701 825 1736 ad
845 1713 998 1748 quorum
1025 1700 1179 1736 noticias
1199 1700 1402 1735 huiusmodi
1422 1701 1526 1736 litere
1546 1702 1783 1748 pel-uenerint

215 1770 288 1806 {iue
305 1770 449 1819 presens
468 1770 586 1816 tangit
611 1769 803 1816 negocium
832 1768 892 1804 scu
919 1774 1070 1816 tangere
1097 1769 1233 1816 poterit
1260 1769 1530 1815 quomodolibet
1556 1769 1594 1804 in
1622 1770 1782 1806 futurum

218 1839 465 1876 Archibaldus
490 1839 535 1873 de
556 1837 742 1880 Quhitlaw
770 1836 1049 1872 archidiaconus
1077 1836 1225 1872 ecclesie
1255 1835 1515 1872 Sanffiandree
1542 1837 1638 1873 infra
1663 1843 1784 1885 partes

216 1907 406 1943 Laudonie
433 1903 759 1954 iudex'dclegatus
787 1918 808 1941 a
840 1905 920 1941 sede
950 1904 1147 1952 apostolica
1174 1917 1329 1939 vnacum
1358 1904 1489 1939 nostris
1516 1905 1552 1939 in
1581 1905 1650 1941 hac
1679 1913 1782 1952 parte

217 1975 366 2022 collegis
384 1987 465 2010 cum
480 1974 544 2009 illa
559 1974 719 2009 clausula
733 1978 910 2020 quatenus
927 1985 983 2008 uos
998 1972 1053 2007 vel
1065 1973 1135 2008 duo
1150 1977 1214 2008 aut
1228 1984 1319 2008 2772ch
1335 1974 1485 2020 vestrum
1500 1978 1562 2008 etc.
1580 1973 1783 2019 specialiter

217 2043 382 2091 deputati
399 2042 548 2078 salutem
566 2042 604 2076 in
621 2040 753 2076 nostris
771 2040 974 2075 huiusmodi
992 2040 1107 2075 literis
1125 2053 1248 2087 ymmo
1269 2040 1389 2075 verius
1416 2040 1622 2087 apostolicis
1641 2040 1780 2076 firmam

217 2110 446 2147 eredenciam
479 2115 515 2145 et
544 2109 652 2144 fidem
677 2108 871 2159 indubiam
904 2108 1069 2144 adhiberi
1098 2128 1104 2135 ·
1134 2107 1293 2144 Nouerit
1324 2108 1536 2143 vniuerfitas
1568 2108 1686 2144 vestra
1716 2122 1781 2144 nos

216 2179 339 2215 literas
357 2176 557 2213 sanaiffimi
583 2176 622 2211 in
642 2174 788 2210 Christo
814 2175 927 2221 patris
946 2181 982 2210 ct
1001 2175 1138 2210 domini
1157 2175 1267 2211 nostri
1288 2175 1425 2211 domini
1447 2175 1539 2212 Sixti
1557 2176 1684 2212 diuina
1701 2189 1781 2224 pro-

217 2246 386 2282 uidencia
411 2257 504 2292 pape
531 2244 652 2291 quarti
679 2243 755 2279 eius
782 2255 869 2278 vera
895 2242 994 2278 bulla
1020 2243 1190 2290 plumbea
1219 2255 1300 2278 cum
1329 2243 1481 2278 cordula
1508 2243 1654 2291 canapis
1680 2257 1781 2280 more

217 2315 382 2352 Romane
402 2313 501 2349 curie
521 2311 692 2359 sigillatas
719 2310 822 2346 sanas
849 2310 994 2357 quidem
1023 2316 1059 2346 et
1085 2311 1247 2358 integras
1274 2323 1347 2346 non
1368 2311 1517 2347 viciatas
1541 2324 1614 2346 non
1641 2313 1781 2349 cancel-

217 2384 309 2419 latas
328 2394 402 2418 non
420 2380 517 2416 rasas
535 2392 604 2415 nec
632 2379 667 2414 in
694 2378 816 2425 aliqua
840 2391 964 2414 earum
990 2384 1094 2425 parte
1119 2378 1293 2426 suspe&as
1318 2379 1375 2414 sed
1397 2378 1495 2421 omni
1523 2380 1667 2426 prorsus
1687 2380 1780 2415 vicio

218 2458 253 2487 et
279 2449 481 2498 suspicione
509 2454 675 2484 carentes
702 2452 740 2482 vt
766 2446 870 2481 nobis
903 2446 1000 2481 clare
1033 2446 1233 2493 apparebat
1259 2458 1324 2493 per
1350 2446 1507 2482 nobilem
1537 2452 1572 2482 et
1594 2452 1778 2494 potentem
