2147 2964
149 446 212 478 141

564 282 773 320 SANCTE
801 283 1120 321 TRINITATIS
1146 284 1218 320 DE
1246 284 1578 322 EDINBURGH.
1785 287 1854 323 159

283 432 519 487 COMPOTUM
544 452 683 499 egregii
703 451 771 487 viri
795 451 956 498 magistri
975 451 1000 487 J
1003 451 1157 487 ohannis
1176 452 1301 501 Brady
1324 453 1574 489 archidiaconi
1593 452 1783 488 Laudonie
1811 464 1853 487 ac

281 518 454 565 prepositi
473 519 623 555 ecclesie
645 519 775 555 San&e
796 518 992 555 Trinitatis
1019 520 1202 555 redditum
1225 521 1323 568 apud
1342 521 1561 569 Edinburgh
1580 533 1627 557 xv
1647 521 1704 557 die
1724 520 1852 556 mensis

281 586 453 622 Januarii
480 600 577 623 anno
597 587 750 623 Domini
777 589 813 623 im
833 592 866 624 vc
886 589 984 624 sexto
1012 588 1058 623 de
1085 589 1243 636 receptis
1269 588 1341 624 suis
1367 590 1413 625 ab
1441 589 1567 625 vltimo
1595 595 1763 637 compoto
1791 589 1852 624 suo

282 656 427 691 reddito
446 656 544 702 apud
562 655 782 703 Edinburgh
798 668 897 691 nono
916 655 974 691 die
993 656 1161 692 Januarii
1181 669 1278 692 anno
1298 662 1332 692 vc
1351 657 1477 692 tercio.

281 721 394 758 Nunc
421 729 633 771 computans
660 729 790 759 onerat
817 724 851 759 se
879 736 961 760 cum
989 725 1054 760 xlii
1066 724 1104 759 li.
1132 725 1290 772 receptis
1309 725 1355 760 de
1377 724 1537 760 ecclesiis
1556 725 1600 761 de
1620 725 1788 760 Kirkurd
1807 726 1852 760 de

279 804 376 827 anno
396 796 430 827 v⁰
448 792 576 839 quinto
597 791 769 827 videlicet
787 791 1048 828 Penthecostes
1075 798 1112 828 et
1141 792 1264 829 San&i
1282 792 1437 829 Martini
1463 793 1561 829 infra
1588 793 1684 829 idem
1711 801 1852 841 tempus

279 861 324 896 de
343 861 506 908 predi&o
526 872 622 896 anno
640 882 647 889 ·
668 860 716 896 Et
735 872 817 896 cum
836 873 882 896 xx
894 860 932 896 li.
952 860 1109 909 receptis
1128 861 1172 896 de
1192 861 1300 897 terris
1319 862 1364 897 de
1384 861 1557 897 Ballerno
1578 862 1622 897 de
1641 874 1738 897 anno
1758 866 1791 897 vc
1810 863 1853 897 v‘0

280 930 454 966 videlicet
472 930 517 965 de
537 929 703 966 terminis
722 929 984 965 Penthecosses
1011 936 1048 965 et
1074 928 1196 965 saneti
1216 929 1371 966 Martini
1396 930 1441 965 de
1459 929 1623 977 preclitto
1643 943 1738 965 anno
1758 930 1853 966 infra

279 999 378 1035 idem
405 1005 548 1047 tempus
575 1011 698 1035 coram
729 998 955 1035 auditoribus
987 998 1185 1034 secundum
1215 1004 1379 1034 tenorem
1411 998 1642 1034 fundaeionis
1669 999 1853 1035 Michaelc

280 1067 383 1103 Loch
403 1067 549 1103 Thoma
566 1067 679 1116 Wyld
707 1066 874 1102 Henrico
902 1066 1146 1114 Hadingtoun
1173 1066 1316 1103 Jacobo
1345 1066 1519 1103 Chalmar
1547 1067 1673 1103 Dauid
1692 1067 1853 1103 Persoun

281 1135 443 1172 Patricio
463 1136 557 1172 Reid
578 1135 765 1172 Willelmo
784 1135 964 1171 Wischert
982 1134 1165 1171 Willelmo
1186 1135 1359 1183 Tempill.

384 1203 535 1241 Summa
553 1204 800 1240 oneracioniis
818 1209 919 1252 patet
937 1204 1001 1239 lxii
1014 1203 1052 1239 li.

281 1272 453 1320 Expense
481 1273 640 1308 eiusdem
659 1293 666 1300 ·
685 1272 729 1308 In
757 1273 883 1320 primis
907 1272 1114 1308 allocantur
1133 1272 1357 1319 compotanti
1377 1278 1415 1308 vt
1435 1272 1472 1307 in
1493 1273 1766 1322 supraexpositis
1785 1275 1854 1309 suis

281 1347 321 1376 vt
337 1346 439 1388 patet
457 1341 495 1376 in
513 1341 607 1388 pede
623 1341 740 1376 Vltimi
760 1341 920 1388 compoti
939 1340 1096 1376 ciusdem
1117 1339 1191 1375 xlix
1213 1339 1282 1388 [li.]
1306 1340 1407 1375 xiiis.
1426 1340 1505 1376 vid.
1545 1340 1638 1376 Item
1653 1342 1854 1378 deliberate

283 1410 423 1445 duobus
443 1409 680 1446 seruitoribus
699 1409 803 1445 chori
822 1409 1034 1445 cantoribus
1050 1408 1121 1444 xli.
1137 1408 1333 1455 vnicuique
1353 1421 1371 1443 v
1386 1407 1424 1443 li.
1458 1407 1507 1444 Et
1522 1409 1638 1444 cidem
1654 1410 1854 1447 deliberate

283 1479 431 1514 domino
446 1478 630 1514 Willelmo
646 1477 826 1514 Wischert
843 1478 988 1514 sacriste
1007 1477 1065 1513 xvi
1079 1477 1117 1512 li.
1138 1477 1182 1512 de
1202 1476 1333 1523 quibus
1352 1476 1447 1511 idem
1464 1477 1631 1512 dominus
1648 1477 1854 1514 Willelmus

283 1549 415 1584 reddat
434 1553 641 1595 compotum
670 1559 794 1583 coram
822 1547 1048 1583 auditoribus
1067 1552 1106 1581 vt
1124 1550 1224 1593 patet
1248 1557 1312 1593 per
1332 1544 1479 1580 cedulas
1498 1545 1585 1580 difiti
1604 1546 1743 1582 domini
1763 1547 1855 1583 Wil-

284 1617 384 1653 lelmi
404 1616 560 1653 ostensas
586 1616 691 1664 super
710 1622 919 1663 compotum
938 1637 945 1644 ·
964 1615 1012 1651 Et
1039 1615 1157 1650 eidem
1177 1614 1325 1649 domino
1346 1613 1486 1649 Thome
1508 1613 1688 1650 Galbrath
1708 1616 1854 1662 quando

284 1685 426 1722 recessit
457 1686 502 1721 de
535 1685 690 1732 collegio
723 1684 855 1721 sanae
886 1683 1080 1720 Trinitatis
1111 1683 1164 1718 iiii
1175 1682 1213 1718 li.
1262 1682 1311 1717 Et
1342 1682 1460 1717 eidem
1492 1681 1555 1717 xiii
1568 1681 1604 1717 li.
1637 1683 1711 1718 vis.
1742 1684 1805 1719 viii
1818 1685 1852 1720 d.

284 1754 417 1802 partim
432 1767 499 1802 pro
514 1753 667 1789 subsidio
683 1752 916 1789 ecclesiarum
933 1752 977 1788 de
995 1751 1206 1789 Ormistoun
1222 1757 1257 1787 et
1273 1750 1597 1798 Strauthymartyn
1616 1763 1682 1798 pro
1701 1752 1854 1799 preben-

285 1823 395 1859 dariis
415 1823 502 1859 dieti
521 1822 666 1871 collegii
687 1828 723 1858 et
741 1835 808 1869 pro
827 1822 972 1857 factura
991 1820 1096 1856 Vnius
1116 1820 1241 1856 calicis
1268 1819 1410 1866 argenti
1430 1818 1529 1854 xxiiii
1548 1820 1736 1856 vnciarum
1763 1821 1802 1856 iii
1815 1821 1853 1857 li.

1543 1887 1591 1894 ιι..

1589 1955 1636 1964 ο...

286 2028 540 2063 infirmabatur
564 2040 608 2063 ex
636 2028 732 2062 dono
760 2026 1007 2074 predifflmrum
1034 2023 1361 2074 prebendariorum
1379 2043 1386 2050 ·
1406 2022 1498 2059 Item
1525 2023 1581 2059 for
1608 2036 1676 2060 ane
1704 2026 1855 2062 crucifix

287 2096 424 2144 ourgilt
442 2095 569 2132 xviiis.
619 2095 713 2131 Item
732 2095 790 2130 for
809 2108 877 2130 ane
899 2094 966 2142 gilt
992 2107 1062 2143 pax
1089 2093 1168 2129 iiis.
1217 2092 1309 2128 Item
1337 2092 1394 2127 for
1421 2091 1457 2127 xl
1476 2092 1555 2128 ellis
1582 2092 1622 2127 of
1644 2092 1800 2142 lynning
1819 2101 1855 2130 to

286 2164 371 2200 mak
391 2164 483 2199 albis
502 2163 542 2199 of
556 2163 666 2198 xxxvi
678 2175 706 2198 S.
748 2162 843 2198 Item
862 2162 918 2197 for
934 2162 1059 2197 makin
1078 2161 1118 2197 of
1133 2160 1254 2197 thame
1272 2160 1326 2195 iiii
1338 2172 1365 2195 s.
1406 2159 1500 2196 Item
1518 2166 1555 2196 to
1572 2159 1679 2196 Schir
1694 2161 1855 2198 Thomas

288 2231 466 2268 Watsoun
484 2231 541 2267 for
559 2237 631 2267 twa
647 2230 770 2281 yheris
788 2230 845 2265 for
863 2230 918 2265 his
938 2230 1112 2277 pensioun
1133 2229 1304 2265 videlicet
1323 2233 1358 2264 v⁰
1376 2234 1507 2276 quarto
1524 2234 1560 2264 et
1575 2233 1613 2282 dvc
1630 2229 1756 2276 quinto
1772 2231 1806 2266 vi
1819 2231 1854 2266 li.

287 2368 372 2404 litill
390 2368 463 2404 bell
482 2374 519 2404 to
536 2367 739 2414 Striueling
757 2379 778 2402 v
791 2379 820 2402 s.
856 2366 951 2402 Item
969 2367 1025 2402 for
1040 2366 1089 2402 vii
1107 2366 1207 2402 stane
1223 2365 1262 2401 of
1276 2365 1407 2401 metale
1425 2365 1588 2413 precium
1607 2367 1710 2414 pecie
1724 2368 1814 2403 xviii
1827 2381 1854 2403 s.

288 2436 423 2472 summa
441 2436 527 2471 vili.
548 2435 625 2471 vis.
671 2435 763 2471 Item
783 2435 839 2470 for
863 2434 924 2470 the
952 2434 1092 2482 casting
1112 2434 1152 2470 of
1174 2433 1233 2469 hir
1251 2445 1368 2482 agane
1392 2433 1432 2469 iii
1444 2433 1482 2469 li.
1501 2446 1564 2470 xs.
1610 2433 1704 2471 Item
1720 2435 1777 2471 for
1795 2436 1856 2472 the
