2147 2964
760 274 829 310 DE
859 273 1244 311 CREYCHTOUN.
1714 279 1786 316 309

212 379 246 407 et
267 373 494 419 expendetur
520 373 556 407 in
578 374 657 408 vsus
685 373 869 420 predictos
897 385 962 420 per
990 373 1166 409 vicarium
1196 374 1240 408 de
1262 373 1500 420 Creychtoun
1527 386 1594 421 pro
1623 381 1785 421 tempore

211 440 426 476 existentem
446 441 491 476 de
510 454 664 488 quarum
685 441 1007 477 administracione
1027 442 1266 477 ordinacione
1287 447 1322 477 et
1341 441 1576 490 disposicione
1596 443 1782 478 annuatim

211 509 340 544 reddet
359 515 567 556 compotum
587 510 728 558 prefato
747 509 929 557 preposito
948 515 984 545 et
1012 510 1142 545 ceteris
1168 511 1212 545 de
1241 510 1396 557 collegio
1424 510 1573 545 ecclesie
1593 510 1785 558 collegiate

212 578 257 613 de
279 577 518 625 Creychtoun
538 600 545 607 ·
567 578 661 614 Item
690 584 763 614 tres
791 578 880 613 alios
909 576 1116 624 capellanos
1148 578 1411 624 prebendarios
1441 578 1477 613 in
1507 578 1601 613 dieta
1634 578 1786 613 eeclesia

213 646 407 693 collegiata
425 647 470 682 de
670 647 777 682 terris
796 645 1066 693 poffeffionibus
1085 653 1120 681 et
1140 646 1270 682 annuis
1289 647 1492 682 redditibus

678 713 857 749 constituo
877 718 912 749 et
930 714 1044 749 fundo
1064 734 1070 741 ·
1090 727 1245 761 quorum
1264 715 1403 761 primus
1423 715 1614 751 vocabitur
1632 716 1784 763 preben-

212 782 335 817 darius
354 782 398 817 de
601 782 813 829 quiquidem
833 781 1099 829 prebendarius
1118 782 1264 817 habebit
1625 796 1784 818 annuum

212 850 396 886 redditum
697 850 735 885 in
764 850 811 885 lie
830 849 1017 885 Buithraw
1037 849 1075 884 in
1104 849 1192 885 villa
1218 851 1262 885 de
1283 850 1494 886 Edinburch
1516 849 1644 900 [inter]
1666 858 1785 898 preto-

212 919 305 954 rium
324 931 368 954 ex
387 924 491 966 parte
511 918 731 954 occidentali
752 931 794 954 ex
815 924 919 966 parte
941 931 1010 953 vna
1030 925 1066 954 et
1085 925 1221 955 terram
1242 921 1424 967 quondam
1446 920 1598 956 Roberti
1617 921 1661 956 de

503 1000 547 1022 ex
567 993 671 1034 parte
692 987 861 1022 orientali
882 999 925 1022 ex
944 993 1049 1034 parte
1066 988 1183 1023 altera
1204 1001 1358 1024 vnaeum
1378 989 1410 1024 le
1425 991 1544 1036 pentis
1563 990 1703 1025 iacente
1724 990 1785 1025 sub

211 1055 320 1090 domo
340 1055 556 1102 campanilis
576 1054 662 1090 ville
682 1055 726 1091 de
747 1054 961 1090 Edinbureh
982 1075 989 1082 ·
1009 1055 1280 1092 Prebendarius
1308 1057 1399 1093 alius
1425 1058 1615 1093 vocabitur
1634 1059 1786 1105 preben-

211 1124 336 1159 darius
364 1124 409 1159 de
438 1123 631 1171 Hogstoun
660 1124 872 1171 quiquidem
902 1124 1167 1171 prebendarius
1198 1125 1346 1161 habebit.
1376 1126 1554 1162 sexdecim
1582 1139 1722 1162 marcas
1751 1133 1785 1162 et

212 1192 399 1228 dimidiam
420 1193 551 1228 vsualis
571 1198 716 1228 monete
733 1193 838 1239 regni
860 1191 987 1228 Scocie
1169 1194 1278 1229 annui
1301 1195 1466 1230 redditus
1486 1196 1614 1230 domus
1634 1195 1784 1230 Roberti

214 1259 407 1295 Michaelis
427 1260 580 1296 iacentis
608 1261 643 1295 in
663 1260 758 1295 dieto
778 1261 894 1308 burgo
914 1261 959 1295 dc
979 1260 1193 1297 Edinburch
1214 1275 1255 1297 ex
1276 1269 1381 1309 parte
1401 1263 1550 1298 australi
1571 1263 1656 1299 Vici
1677 1263 1784 1311 Regii

212 1329 307 1364 inter
334 1334 471 1364 terram
497 1329 654 1364 Joannis
682 1327 851 1364 Fentoun
880 1328 925 1363 de
953 1329 1080 1364 eodem
1109 1342 1151 1364 ex
1179 1337 1282 1377 parte
1315 1331 1483 1367 orientali
1512 1344 1555 1366 ex
1582 1338 1686 1378 parte
1714 1345 1785 1367 vna

212 1402 248 1432 et
268 1403 403 1432 terram
783 1397 828 1432 de
850 1396 1040 1432 Carkettle
1060 1410 1104 1432 ex
1123 1404 1226 1444 parte
1247 1398 1463 1434 occidentali
1483 1412 1527 1434 ex
1546 1405 1650 1446 parte
1670 1400 1786 1435 altera

212 1471 247 1500 et
267 1465 356 1500 duas
375 1477 517 1500 marcas
537 1464 648 1500 annui
668 1464 833 1500 redditus
858 1465 1057 1500 tenementi
1077 1465 1233 1501 Joannis
1255 1466 1360 1502 Cuke

1159 1534 1255 1570 inter
1275 1541 1410 1571 terram
1429 1535 1591 1570 Donaldi
1611 1536 1655 1571 de
1677 1536 1784 1584 Kylis

213 1615 255 1637 ex
288 1608 392 1649 parte
421 1602 591 1637 orientali
622 1615 664 1637 ex
692 1608 796 1649 parte
816 1615 888 1637 vna
915 1607 950 1637 et
974 1607 1108 1637 terram
1142 1602 1263 1649 Egidii
1292 1603 1459 1638 Bensoun
1485 1617 1528 1639 ex
1560 1610 1663 1651 parte
1691 1604 1782 1639 occi-

213 1670 351 1706 dentali
388 1683 433 1705 ex
469 1676 573 1717 parte
610 1671 725 1706 altera
761 1683 915 1706 vnacum
949 1670 1035 1706 villa
1071 1670 1115 1705 de
1151 1670 1382 1719 H[ogstoun]
1422 1672 1564 1707 iacente
1600 1685 1714 1719 prope
1751 1672 1783 1707 le

214 1738 367 1774 Burrow
398 1738 506 1774 Mure
536 1739 580 1774 de
611 1739 825 1774 Edinbureh
845 1759 852 1766 ·
873 1739 1028 1774 Tercius
1063 1739 1328 1786 prebendarius
1364 1740 1554 1775 vocabitur
1582 1740 1784 1787 prebenda-

214 1808 289 1842 rius
317 1808 362 1842 de
390 1806 512 1842 Furde
539 1807 636 1842 infra
663 1807 852 1842 baroniam
880 1807 925 1842 de
951 1807 1189 1855 Creychtoun
1218 1808 1277 1855 qui
1309 1808 1457 1844 habebit
1485 1809 1645 1855 quinque
1672 1809 1784 1844 libras

216 1875 346 1911 vl'ualis
366 1882 511 1910 monete
535 1875 697 1922 predicte
717 1876 761 1910 de
783 1875 890 1910 terris
917 1875 1104 1911 orientalis
1129 1876 1278 1911 dimidie
1307 1877 1352 1912 de
1371 1876 1555 1924 Vggingis
1582 1877 1784 1912 iacentibus

215 1945 312 1979 inter
332 1943 489 1979 Sledene
509 1949 543 1978 et
563 1942 685 1978 Furde
706 1956 861 1978 vnaeum
882 1943 1042 1990 quinque
1068 1944 1169 1979 libris
1188 1951 1333 1980 monete
1352 1945 1514 1992 predicte
1534 1945 1646 1980 annui
1665 1945 1785 1980 reddi·

216 2020 272 2048 tus
305 2018 485 2047 terrarum
517 2011 667 2047 baronie
699 2012 743 2046 de
777 2011 1013 2059 Creychtoun
1042 2032 1048 2039 ·
1075 2011 1237 2054 Quilibet
1269 2013 1425 2059 ipsorum
1458 2013 1783 2059 prebendariorurn

216 2080 363 2116 habebit
391 2080 579 2115 dimidiam
606 2092 727 2115 acram
754 2092 821 2126 pro
848 2080 1031 2115 manflone
1060 2087 1095 2115 et
1122 2086 1201 2115 orto
1230 2081 1443 2116 edificandis
1473 2094 1554 2116 cum
1586 2081 1702 2117 libero
1731 2082 1784 2116 in-

217 2149 327 2184 troitu
348 2155 383 2184 et
403 2149 501 2184 exitu
522 2153 607 2183 ante
627 2154 662 2183 et
682 2155 780 2183 retro
801 2169 808 2176 ·
829 2148 1053 2195 Quiquidem
1082 2148 1261 2195 capellani
1285 2148 1357 2184 siue
1378 2149 1611 2196 prebendarii
1630 2149 1784 2197 predie’ci

217 2218 314 2252 omni
340 2217 399 2252 die
429 2216 643 2253 Sanaorum
672 2216 867 2252 matutinas
894 2216 1026 2251 missam
1056 2229 1225 2263 magnam
1253 2216 1420 2264 vesperas
1448 2224 1482 2252 et
1510 2217 1783 2265 completorium

217 2299 297 2321 cum
318 2292 405 2320 nota
424 2285 623 2320 cantabunt
642 2284 767 2319 diebus
795 2290 914 2319 autem
944 2284 1133 2320 (lominicis
1161 2290 1197 2319 et
1224 2285 1430 2331 duplicibus
1449 2285 1547 2320 festis
1566 2286 1651 2320 anni
1671 2291 1784 2320 matu-

216 2354 310 2389 tinas
329 2352 480 2401 primam
501 2357 536 2387 et
555 2351 663 2386 horas
691 2350 869 2386 missarum
897 2352 941 2387 de
969 2352 1091 2387 nostra
1116 2352 1274 2388 Domina
1301 2359 1337 2388 et
1362 2365 1531 2400 magnam
1556 2352 1690 2388 miffam
1713 2354 1784 2388 ves-

216 2434 322 2469 peras
350 2427 385 2456 et
411 2420 688 2467 completorium
719 2432 799 2455 cum
830 2425 917 2456 nota
946 2421 1172 2456 cantabunt·
1192 2421 1367 2457 Preterea
1396 2434 1521 2457 omnes
1549 2422 1782 2469 prebendarii
