2147 2964
778 266 848 302 DE
878 267 1305 305 CORSTORPHINE.
1750 276 1816 308 301

252 361 314 396 tim
347 361 410 398 illa
441 375 510 409 que
543 363 724 410 postremo
762 366 796 400 in
830 366 960 402 eisdem
995 368 1098 402 nobis
1129 370 1341 415 exequenda
1375 370 1650 405 committuntur
1680 371 1816 406 ideireo

250 430 464 466 auetoritate
479 443 550 477 qua
565 431 752 479 fungimur
772 433 809 468 in
830 434 898 469 hae
917 440 1019 482 parte
1035 448 1225 471 numerum
1241 437 1419 472 <hetorum
1435 438 1595 484 quinque
1612 439 1815 487 capellano<

248 510 327 533 rum
343 500 448 545 super
464 499 637 535 fruffibus
652 501 854 537 redditibus
871 501 939 551 [et]
959 504 1198 550 prouentibus
1214 504 1306 540 did-te
1323 506 1470 541 ecclesie
1486 507 1530 541 de
1546 506 1666 542 Ratho
1682 507 1814 543 sustena

247 567 439 602 tandorum
462 574 497 603 vt
524 568 560 603 in
582 569 714 604 vnione
744 571 953 606 continetur
981 572 1027 606 ad
1054 585 1245 607 numerum
1274 580 1430 620 quatuor
1449 576 1569 621 quoad
1588 575 1676 610 alios
1697 577 1813 624 capel—

244 634 346 670 lanos
365 636 443 670 fore
467 637 694 672 reducendos
722 638 953 674 decernimus
981 645 1016 674 et
1044 641 1249 675 reducimus
1277 654 1342 687 per
1369 643 1552 688 presentes
1572 664 1578 670 ·
1599 643 1746 679 Deinde
1766 645 1811 679 ad

243 703 540 739 distribue-ionem
568 705 829 741 limitaeionem
857 707 1069 742 diuisionem
1098 714 1133 743 et
1160 708 1440 755 assignaeionem
1461 710 1619 744 omnium
1641 717 1676 745 et
1695 711 1811 758 singu-

243 770 359 806 lorum
391 772 570 807 fruetuum
609 774 818 809 reddituum
850 781 886 809 et
920 782 1165 822 prouentuum
1198 783 1233 811 et
1268 777 1578 823 pertinenciarum
1613 780 1809 815 eorundem

240 838 356 873 tocius
384 838 613 875 fundacionis
641 841 785 887 collegii
813 842 858 876 de
888 842 1149 890 Cei-storphine
1178 850 1249 878 tam
1279 845 1316 879 in
1344 845 1518 880 fruffibus
1547 847 1748 882 redditibus
1776 857 1809 883 et

239 907 476 953 prouentibus
509 909 741 945 eeclesiarum
780 910 1042 957 parochialium
1077 912 1121 947 de
1158 912 1426 960 Clerkingtoun
1465 927 1571 960 quam
1609 915 1653 950 de
1690 916 1809 951 Ratho

240 974 501 1012 Sandiandree
525 977 675 1013 diocesis
705 991 929 1015 annexarum
959 980 1053 1014 dieto
1084 981 1239 1029 collegio
1272 996 1313 1016 ae
1346 982 1425 1017 aliis
1459 983 1563 1018 terris
1592 986 1808 1020 tenementis

238 1049 273 1078 et
292 1045 422 1080 annuis
450 1046 652 1082 redditibus
682 1047 856 1083 vniuersis
884 1054 919 1083 et
949 1048 1095 1095 singulis
1123 1062 1189 1095 pro
1217 1049 1481 1085 sustentat-ione
1499 1052 1585 1086 dicti
1608 1053 1752 1100 collegii
1773 1061 1807 1089 et

235 1124 366 1147 nouem
394 1113 665 1160 capellanorum
696 1122 731 1151 et
760 1116 915 1151 duorum
944 1129 1140 1163 puerorum
1172 1125 1312 1154 tantum
1342 1120 1387 1154 ad
1419 1120 1583 1155 diuinum
1615 1122 1805 1158 s'eruicium

233 1180 320 1215 inibi
351 1187 528 1228 perpetuo
561 1183 776 1219 duraturum
811 1185 1028 1221 auetoritate
1061 1186 1259 1233 apostoliea
1291 1188 1453 1234 predieta
1483 1189 1716 1235 processimus
1744 1192 1806 1226 sub

232 1247 300 1283 bac
320 1249 436 1284 forma
456 1269 461 1275 ·
482 1249 666 1297 Imprimis
686 1251 882 1287 limitamus
912 1253 1143 1289 decernimus
1164 1262 1199 1291 et
1218 1256 1435 1302 assignamus
1460 1257 1639 1304 preposito
1660 1259 1803 1306 collegii

232 1317 427 1364 supradicti
455 1318 500 1352 de
527 1318 790 1365 Corstorphine
820 1321 880 1366 qui
913 1333 978 1367 pre
1010 1329 1172 1368 tempore
1202 1324 1311 1357 fuerit
1345 1326 1451 1370 supra
1481 1331 1517 1359 et
1545 1325 1639 1361 vltra
1667 1327 1804 1362 fruetus

231 1385 379 1421 ecclesie
399 1386 443 1421 de
465 1386 736 1433 Clcrkingtoun
757 1388 802 1423 ad
822 1389 990 1435 proprios
1012 1392 1089 1425 suos
1111 1392 1190 1425 vsus
1210 1404 1333 1426 ornnes
1353 1392 1512 1427 decimas
1531 1394 1698 1439 garbales
1720 1395 1803 1431 ville

230 1454 274 1489 de
296 1453 415 1489 Ratho
435 1460 506 1490 tam
535 1468 579 1490 ex
607 1455 752 1491 australi
779 1462 883 1503 parte
911 1469 1020 1503 quam
1047 1458 1187 1494 boreali
1208 1472 1362 1494 vnaeum
1390 1461 1531 1496 decima
1557 1462 1697 1508 garbali
1717 1463 1801 1499 ville

229 1522 273 1556 de
299 1521 475 1558 Wasthall
503 1535 569 1569 per
596 1524 751 1559 eundem
780 1524 990 1560 assedandas
1019 1526 1244 1574 colligendas
1272 1529 1453 1574 rogandus
1481 1534 1516 1563 et
1542 1530 1800 1576 gubernandas

228 1590 289 1637 qui
310 1591 423 1625 eciam
444 1591 621 1638 percipiet
640 1604 704 1639 per
724 1605 850 1627 manus
871 1594 1072 1629 eommunis
1092 1596 1339 1641 procuratoris
1359 1597 1417 1631 seu
1437 1599 1636 1643 receptoris
1656 1599 1798 1645 collegii

228 1664 262 1694 et
289 1659 474 1694 firmarum
504 1660 749 1706 predi6tarum
778 1661 835 1696 sex
865 1674 1004 1696 mei-cas
1034 1662 1163 1697 vs'ualis
1191 1670 1335 1698 menete
1366 1663 1493 1699 Scocie
1521 1665 1567 1699 ad
1594 1665 1684 1701 duos
1711 1668 1796 1702 anni

228 1728 402 1763 terminos
439 1729 629 1763 consuetos
660 1729 704 1763 de
734 1729 865 1776 quibus
895 1730 1045 1765 decimis
1077 1731 1173 1766 idem
1206 1731 1407 1778 prepositus
1439 1733 1620 1779 persoluet
1650 1733 1796 1781 singulis

228 1796 332 1831 annis
352 1796 397 1831 ad
418 1797 625 1832 communia
653 1797 810 1833 eiusdem
839 1798 984 1845 collegii
1013 1806 1048 1834 et
1076 1799 1273 1834 earundem
1302 1800 1532 1835 eeclesiarum
1562 1814 1673 1837 onera
1701 1816 1795 1838 com-

227 1865 348 1900 munia
369 1865 634 1912 suppeditanda
662 1872 734 1901 tres
763 1866 933 1902 chaldras
954 1867 1162 1902 viftualium
1191 1880 1280 1914 quas
1307 1874 1380 1903 tres
1400 1869 1568 1904 chaldras
1588 1871 1794 1917 persoluere

225 1939 259 1968 et
279 1933 483 1969 deliberare
503 1934 648 1969 debebit
676 1935 753 1981 post
781 1935 910 1970 festum
930 1935 1207 1971 Purifieaeionis
1228 1943 1262 1971 et
1283 1942 1366 1971 ante
1388 1937 1514 1971 festum
1534 1937 1792 1975 Penthecostes

225 2002 412 2037 cuiuslibet
431 2003 517 2037 anni
537 2023 543 2030 ·
566 2002 657 2038 Item
684 2002 879 2038 limitamus
899 2004 1130 2039 decernimus
1149 2010 1184 2039 et
1203 2003 1419 2050 assignamus
1447 2005 1606 2041 decimas
1624 2008 1791 2053 garbales

225 2071 307 2106 ville
337 2071 529 2118 superioris
557 2071 602 2106 de
632 2071 759 2119 Gogar
784 2078 819 2107 et
847 2072 932 2107 ville
960 2074 1003 2107 de
1031 2072 1287 2120 Hadingstoun
1317 2073 1397 2108 aliis
1425 2074 1566 2108 duobus
1594 2075 1791 2122 capellanis

223 2139 337 2174 eciam
372 2138 593 2173 eoniunffim
626 2146 661 2174 et
692 2140 932 2175 communiter
967 2152 1032 2186 per
1060 2153 1120 2175 eos
1148 2153 1345 2187 eorumque
1373 2140 1587 2177 successores
1615 2145 1790 2180 tenendas

222 2193 403 2255 regendas
430 2206 639 2242 assedandas
667 2213 703 2242 et
730 2208 766 2242 in
796 2208 963 2255 proprios
992 2209 1071 2243 vs'us
1099 2209 1357 2255 gubernandas
1378 2222 1531 2244 vnaeum
1559 2211 1638 2245 aliis
1663 2212 1788 2248 decem

221 2275 350 2310 mercis
371 2274 543 2310 similibus
564 2275 667 2310 simili
686 2276 794 2311 modo
810 2276 1054 2322 percipiendis
1074 2284 1109 2311 et
1128 2276 1372 2312 deliberandis
1392 2278 1453 2324 qui
1474 2278 1587 2313 eciam
1608 2280 1786 2326 capellani

221 2356 262 2379 ac
282 2356 407 2378 eorum
426 2343 628 2390 capellanie
650 2356 740 2379 vnus
759 2345 803 2379 de
826 2344 952 2391 Gogar
972 2344 1063 2380 alter
1083 2345 1127 2380 de
1149 2344 1405 2392 Hadingstoun
1426 2347 1653 2383 vocabuntur
1670 2369 1676 2374 ·
1693 2349 1785 2384 Item

220 2412 414 2447 limitamus
434 2412 663 2447 decernimus
683 2419 718 2448 et
737 2412 953 2460 assignamus
974 2413 1053 2448 aliis
1070 2414 1210 2449 duobus
1231 2414 1427 2461 capellanis
1445 2416 1602 2452 decimas
1619 2419 1786 2465 garbales
