2147 2964
321 288 394 319 310
693 280 877 317 CARTA
905 279 1157 317 ECCLESIE
1187 279 1529 316 COLLEGIATE

321 383 475 429 predicti
505 381 730 429 personalem
762 379 1000 415 residenciam
1029 379 1166 414 facient
1195 391 1260 426 per
1286 379 1416 427 seipsos
1445 386 1481 416 et
1510 393 1583 416 non
1613 393 1677 429 per
1703 381 1814 416 aliurn
1842 383 1900 416 seu

323 451 413 486 alios
434 449 603 497 premissa
630 448 834 496 implebunt
861 454 897 483 et
924 447 1231 483 administrabunt
1250 469 1256 476 ·
1278 447 1326 483 Et
1345 447 1369 482 si
1390 448 1470 495 quis
1493 448 1669 484 dierorum
1698 450 1902 496 prebenda-

324 520 461 554 riorum
490 519 549 553 seu
578 530 776 565 puerorum
803 530 868 565 per
893 516 1100 564 quindecim
1130 516 1208 551 dies
1234 516 1391 552 licencia
1417 518 1563 564 patroni
1592 524 1628 553 et
1651 516 1824 565 prepositi
1843 517 1903 552 seu

324 588 474 623 alterins
494 586 694 621 eorundem
716 586 869 634 desuper
888 585 1036 620 minime
1065 585 1215 620 obtenta
1238 585 1273 620 se
1294 586 1540 621 absentauerit
1557 599 1600 621 eo
1620 586 1695 633 ipso
1716 586 1905 621 censeatur

324 656 432 704 ipsius
451 655 641 703 prebenda
660 667 792 690 vacare
811 661 847 690 et
867 660 973 689 vacet
1000 653 1114 689 libere
1134 653 1239 689 alteri
1264 654 1490 690 conferenda
1509 676 1516 682 -
1536 654 1584 690 Et
1605 654 1628 689 si
1649 655 1730 702 quis
1750 654 1905 702 ipsorum

325 723 651 772 prebendariorum
673 722 916 758 concubinam
937 721 996 756 seu
1016 721 1188 757 focariam
1210 722 1410 758 detinuerit
1429 729 1465 758 et
1483 723 1581 758 illam
1601 736 1666 770 per
1685 722 1905 771 prepositum

326 794 384 828 vel
414 792 521 840 ipsius
548 791 668 826 locum
699 796 886 826 tenentem
912 797 968 825 ter
997 790 1155 826 monitus
1185 803 1257 825 non
1288 791 1464 827 dimiserit
1492 804 1572 827 cum
1603 791 1732 827 effe&u
1760 804 1803 826 eo
1830 792 1906 838 ipso

327 862 515 897 censeatur
533 860 641 908 ipsius
661 860 848 908 prebenda
869 872 999 894 vacare
1028 865 1063 894 et
1092 859 1240 895 realiter
1261 866 1365 895 vacet
1389 860 1495 896 alteri
1520 860 1634 895 libere
1655 860 1877 895 conferenda
1899 881 1905 887 ·

326 929 537 979 Propositus
558 942 644 965 vero
673 929 768 964 (liele
796 927 946 963 ecclesie
975 927 1168 975 collegiate
1196 929 1345 975 quocies
1372 929 1634 977 preposituram
1666 942 1796 965 vacare
1823 942 1908 964 con-

327 999 453 1047 tigerit
479 1012 546 1046 per
573 1011 630 1033 me
658 997 827 1044 meosque
855 997 1009 1032 heredes
1038 1003 1074 1032 ct
1102 997 1318 1033 successores
1347 998 1552 1033 renel-endo
1581 998 1618 1032 in
1640 997 1787 1034 Christo
1811 998 1905 1044 patri

328 1068 495 1117 episcopo
517 1066 778 1103 Sanstiandree
806 1079 872 1112 per
895 1066 1049 1101 eundem
1079 1066 1322 1101 reuerendum
1352 1066 1387 1101 in
1410 1065 1555 1102 Christo
1571 1072 1709 1113 patrem
1739 1066 1774 1100 in
1795 1066 1906 1113 ipsam

328 1136 592 1185 preposituram
612 1135 858 1170 instituendus
877 1134 1143 1182 presentabitur
1161 1153 1169 1161 ·
1189 1133 1364 1169 Vicarius
1383 1134 1497 1169 eciam
1518 1134 1562 1168 de
1585 1133 1821 1181 Creychtoun
1844 1148 1908 1182 per

329 1219 386 1241 me
404 1205 573 1251 meosque
600 1204 755 1238 heredes
783 1210 818 1238 et
846 1201 1064 1237 successores
1092 1201 1261 1249 episcopo
1292 1201 1552 1237 Sanffiandree
1579 1201 1848 1250 presentabitur
1873 1211 1908 1238 et

328 1287 392 1322 per
417 1274 550 1309 diffisum
581 1272 788 1319 episcopum
819 1270 1027 1305 instituetur
1054 1289 1060 1296 ·
1088 1269 1360 1305 Prebendarius
1389 1282 1476 1305 vero
1504 1270 1549 1304 de
1579 1269 1817 1318 Creychtoun
1845 1283 1909 1319 per

330 1356 386 1378 me
405 1341 674 1390 presentabitur
692 1339 876 1387 preposito
904 1345 939 1374 et
968 1351 1033 1386 per
1051 1338 1165 1384 ipsum
1194 1338 1404 1374 instituetur
1423 1338 1461 1373 in
1482 1338 1635 1374 ecclesia
1652 1339 1817 1386 predi&a
1837 1340 1909 1375 col-

329 1411 487 1459 legiata·
508 1410 660 1456 Insuper
688 1408 847 1444 vicarius
876 1413 1074 1455 perpetuus
1102 1406 1252 1442 ecclesie
1279 1407 1500 1455 parochialis
1528 1408 1572 1442 de
1600 1407 1839 1443 Lochorwart
1867 1421 1908 1444 ac

330 1478 563 1527 prebendarii
592 1484 627 1513 et
654 1478 758 1524 pueri
788 1477 833 1512 de
860 1477 1037 1512 frufitibus
1065 1476 1160 1511 dicte
1187 1475 1338 1511 ecclesie
1366 1476 1410 1511 de
1438 1475 1678 1511 Lochorwart
1704 1476 1845 1512 fundati
1873 1484 1909 1512 et

330 1548 484 1595 quilibet
504 1558 629 1582 eorum
651 1546 698 1581 ad
715 1545 862 1593 plenam
883 1551 991 1580 erunt
1009 1544 1282 1592 disposicionem
1304 1544 1442 1579 domini
1465 1544 1624 1592 episcopi
1645 1543 1909 1580 SanStiandree

330 1630 396 1664 pro
416 1622 580 1662 tempore
609 1613 797 1650 existentis
817 1633 824 1640 ·
842 1613 937 1648 Tres
963 1618 1083 1649 autem
1111 1612 1347 1660 prebendarii
1375 1613 1420 1648 de
1448 1613 1556 1648 terris
1582 1612 1854 1660 possessionibus
1874 1623 1908 1648 et

331 1684 462 1720 annuis
486 1683 688 1719 redditibus
713 1681 801 1718 meis
829 1681 988 1729 propriis
1016 1681 1159 1716 fundati
1187 1688 1222 1716 ct
1250 1681 1365 1716 dotati
1392 1694 1456 1729 per
1476 1694 1532 1716 me
1560 1682 1715 1717 heredes
1739 1682 1909 1729 meosque

331 1751 547 1788 successores
575 1750 883 1798 presentabuntur
911 1756 947 1785 et
977 1761 1043 1796 per
1069 1749 1291 1797 prepositum
1323 1749 1558 1786 instituentur
1577 1771 1584 1778 ·
1607 1750 1704 1785 Volo
1731 1750 1846 1786 eciam
1875 1759 1909 1786 et

332 1821 463 1856 ordino
484 1820 579 1867 quod
601 1818 756 1866 quilibet
775 1819 954 1854 di8wrum
974 1818 1302 1865 prebendariorum
1323 1831 1404 1853 cum
1424 1818 1612 1866 dispositus
1631 1819 1742 1854 fuerit
1760 1825 1795 1854 et
1815 1831 1905 1854 com-

333 1891 438 1926 mode
470 1891 516 1925 ad
549 1889 618 1925 hoc
652 1902 782 1924 vacare
816 1887 978 1935 potuerit
1015 1886 1150 1922 missam
1184 1887 1344 1922 celebret
1380 1887 1440 1934 qui
1476 1887 1555 1935 post
1590 1888 1816 1923 offertorium
1849 1890 1910 1924 De

329 1959 526 2007 profundis
553 1971 633 1993 cum
664 1957 837 1993 oracione
864 1955 1024 1991 fidelium
1054 1968 1120 2002 pro
1148 1955 1339 1991 animabus
1365 1955 1589 2003 prefatarum
1617 1956 1852 2003 personarum
1876 1965 1910 1994 et

336 2027 497 2062 omnium
525 2026 780 2062 defun&orum
816 2025 890 2069 Qui
915 2024 1143 2072 apostolicum·
1170 2037 1250 2059 cum
1283 2024 1329 2059 ad
1357 2024 1534 2059 orandum
1564 2030 1752 2060 exortetur
1780 2026 1911 2062 deuote

336 2095 458 2131 dicere
478 2102 646 2130 teneatur
666 2116 672 2121 ·
693 2093 792 2129 Volo
812 2093 928 2128 eciam
948 2098 983 2127 et
1003 2092 1133 2127 ordino
1153 2093 1251 2139 quod
1278 2092 1400 2127 nullus
1419 2092 1684 2139 prebendarius
1702 2093 1912 2130 instituatur

337 2165 374 2198 in
394 2164 491 2199 dista
513 2162 665 2198 ecclesia
692 2161 889 2209 collegiata
914 2160 981 2196 nisi
1008 2161 1186 2196 sufficiens
1214 2161 1325 2196 fuerit
1350 2161 1389 2196 in
1417 2161 1573 2208 legendo
1602 2160 1844 2197 construendo
1871 2176 1913 2198 ac

337 2232 447 2278 plano
467 2238 576 2267 cantu
597 2232 742 2278 descant
760 2236 795 2265 et
820 2229 936 2278 prilcit
953 2235 1015 2264 not
1034 2250 1040 2257 ·
1060 2230 1165 2277 pueri
1186 2242 1272 2265 vero
1291 2229 1416 2265 saltem
1444 2231 1480 2264 in
1500 2229 1657 2276 legendo
1675 2229 1785 2276 plano
1805 2238 1914 2267 cantu

339 2300 503 2335 discantu
522 2307 557 2335 et
572 2299 689 2347 prike't
713 2304 776 2334 not
802 2297 1020 2332 sufficienter
1039 2297 1134 2333 doai
1158 2297 1313 2333 existant
1333 2319 1339 2326 -
1360 2296 1458 2333 Volo
1478 2297 1594 2332 eciam
1614 2304 1650 2332 et
1669 2297 1797 2333 ordino
1817 2300 1913 2345 quod

340 2367 470 2414 prefati
498 2368 677 2415 capellani
707 2366 779 2402 siue
807 2365 1041 2414 prebendarii
1069 2366 1147 2414 post
1177 2379 1298 2402 meum
1326 2364 1504 2402 decessum
1533 2365 1819 2401 anniuersarium
1846 2379 1914 2414 pro

342 2447 428 2482 rege
448 2441 484 2469 et
501 2435 629 2481 regina
656 2435 830 2482 predistis
858 2447 1058 2481 eorumque
1085 2432 1210 2468 liberis
1238 2431 1521 2468 antecessoribus
1541 2438 1576 2467 et
1595 2430 1853 2467 suecefforibus
1872 2446 1913 2469 ac
