2147 2964
531 276 741 314 SANCTE
770 276 1089 313 TRINITATIS
1116 276 1187 312 DE
1216 277 1553 314 EDINBURGH.
1784 282 1827 315 (51

257 375 354 422 quod
372 381 523 423 propter
544 376 713 411 vnionem
733 375 993 412 anneccionem
1013 382 1049 411 ct
1067 376 1409 423 incorporacionem
1432 376 1638 413 huiusmodi
1657 377 1680 413 fi
1703 378 1829 426 vigore

256 443 480 490 presencium
498 444 588 480 fiant
606 451 643 480 et
661 444 829 480 cffet‘tum
848 444 1051 479 sorciantur
1070 444 1273 491 prcdifflmm
1295 444 1472 492 hospitale
1490 445 1535 481 de
1557 445 1677 482 Soltre
1697 447 1828 482 debitis

256 522 330 546 non
361 511 552 547 fraudetur
583 511 760 558 obsequiis
791 511 853 546 sed
884 511 981 547 illius
1011 525 1173 560 congrue
1205 512 1464 560 supportentur
1492 527 1606 550 onera
1630 515 1802 551 consueta
1821 537 1828 544 ·

257 578 431 616 Ceterum
451 591 533 614 cum
552 591 626 614 non
646 578 687 614 fit
706 578 899 614 verisimile
920 580 1018 626 quod
1045 580 1126 626 quis
1153 580 1330 616 beneficia
1358 582 1420 616 sua
1446 582 1568 617 multis
1591 582 1710 618 forfan
1729 583 1827 619 labo-

253 647 354 682 ribus
373 645 547 693 acquifita
564 659 609 682 ex
628 646 758 693 quibus
780 647 938 693 percipit
958 647 1029 682 vite
1050 647 1241 683 subfidium
1270 648 1402 694 absque
1422 661 1556 697 magna
1575 651 1681 686 causa
1700 651 1826 698 sponte

252 714 410 762 resignet
427 719 566 750 attente
579 714 776 762 prouideas
794 727 840 750 ne
857 714 895 749 in
914 714 1164 762 rcfignacione
1183 716 1388 752 huiusmodi
1404 717 1429 752 fi
1442 718 1506 754 fiat
1524 718 1646 766 aliqua
1663 721 1826 767 prauitas

251 782 476 818 interueniat
507 782 567 817 seu
598 782 713 818 eciam
748 783 957 831 corruptela
987 796 1053 819 nos
1085 784 1182 820 enim
1214 784 1240 819 fi
1269 785 1514 821 extincionem
1546 786 1825 835 suppressionem

251 851 508 887 reduccionem
535 851 707 886 vnionem
739 851 1003 888 anneccionern
1032 859 1068 889 et
1095 853 1435 901 incorporacionem
1463 854 1669 890 huiusmodi
1696 869 1761 904 per
1788 863 1823 893 te

252 919 416 967 vigorem
443 919 674 967 presencium
701 919 781 955 fieri
809 919 1006 967 contigerit
1033 934 1078 957 ex
1104 934 1203 957 nunc
1230 922 1375 957 irritum
1403 923 1636 959 decernimus
1661 930 1697 960 et
1716 925 1823 961 inane

251 987 274 1023 fi
293 989 394 1024 secus
414 988 520 1036 super
538 988 608 1023 hiis
627 1001 649 1024 a
667 1001 850 1035 quoquam
871 989 998 1035 quauis
1018 990 1233 1026 auctoritate
1252 991 1409 1027 scienter
1428 991 1487 1027 vel
1505 991 1719 1040 ignoranter
1739 1006 1824 1029 con-

248 1056 373 1104 tigerit
398 1056 609 1104 attemptari
628 1076 635 1083 ·
655 1056 793 1092 Datum
814 1056 929 1092 Rome
955 1059 1053 1105 apud
1074 1058 1249 1096 Sannum
1268 1059 1418 1095 Petrum
1438 1073 1535 1096 anno
1553 1060 1823 1098 incarnacionis

248 1124 445 1162 Dominice
464 1124 651 1161 millesimo
671 1125 1028 1173 quadringentefimo
1055 1127 1274 1176 sexagefimo
1294 1128 1436 1163 decimo
1464 1128 1641 1165 kalendas
1662 1130 1700 1165 N
1702 1143 1822 1167 ouem—

247 1194 322 1229 bris
345 1195 580 1242 pontificatus
607 1195 720 1230 nostri
747 1208 845 1231 anno
873 1196 988 1232 tercio
1007 1215 1014 1223 ·
1032 1196 1116 1232 Nos
1138 1209 1225 1232 vero
1245 1197 1417 1232 Andreas
1441 1197 1629 1245 episcopus
1656 1199 1766 1235 iudex
1786 1207 1821 1235 et

247 1268 421 1298 executor
438 1263 601 1310 prefatus
629 1269 803 1310 tanquam
832 1264 1006 1300 obediens
1027 1265 1122 1300 filius
1151 1264 1315 1300 volentes
1342 1266 1554 1301 mandatum
1582 1266 1819 1314 apostolicum

247 1331 349 1366 nobis
368 1331 407 1367 in
426 1331 495 1367 hac
521 1337 626 1379 parte
645 1332 825 1367 directum
852 1337 1067 1367 rcuerenter
1094 1331 1225 1378 exequi
1253 1337 1292 1366 ut
1318 1336 1486 1367 tenemur
1504 1333 1550 1367 ad
1569 1333 1709 1380 prefate
1728 1334 1820 1370 sere-

247 1398 385 1434 niffime
420 1399 626 1448 principiffe
662 1399 808 1435 domine
848 1399 971 1435 nostre
1011 1399 1139 1446 regine
1175 1399 1392 1446 suorumque
1433 1407 1713 1447 procuratorum
1750 1402 1817 1438 hoc

246 1467 516 1514 requirencium
547 1467 762 1503 instanciam
798 1468 1004 1503 reuerendo
1040 1467 1078 1502 in
1112 1467 1259 1503 Christo
1293 1468 1387 1515 patri
1421 1474 1457 1504 et
1488 1469 1635 1505 domino
1668 1471 1816 1506 domino

243 1535 386 1572 Jacobo
404 1536 641 1572 miseracione
669 1535 796 1571 diuina
823 1536 988 1584 episcopo
1018 1535 1280 1571 Sanaiandree
1300 1536 1638 1584 venerabilibusque
1656 1545 1760 1586 patre
1780 1546 1816 1575 et

243 1604 330 1639 viris
365 1604 489 1651 priore
525 1610 562 1640 et
597 1611 782 1640 conuentu
812 1603 1077 1640 Sanffiandree
1113 1616 1156 1639 ac
1188 1603 1269 1639 aliis
1300 1603 1467 1640 interesse
1501 1605 1720 1642 habentibus
1749 1620 1815 1655 per

242 1685 308 1708 nos
327 1672 450 1708 debite
470 1672 590 1708 citatis
615 1678 724 1719 atque
745 1672 881 1708 vocatis
909 1672 1068 1719 ipsorum
1089 1672 1188 1707 claro
1207 1678 1243 1707 et
1265 1671 1426 1719 expresso
1445 1674 1618 1709 consensu
1638 1675 1683 1710 ad
1704 1675 1813 1712 infra-

240 1740 374 1788 scripta
392 1741 592 1776 accedente
617 1740 793 1788 diligente
812 1740 1078 1776 informacione
1105 1740 1267 1775 omnium
1287 1740 1584 1789 singulorumque
1604 1742 1641 1778 in
1660 1744 1811 1791 prefatis

238 1808 354 1845 literis
383 1808 591 1856 apostolicis
620 1815 877 1844 contentorum
906 1814 942 1844 et
969 1809 1169 1845 relatorum
1201 1821 1267 1857 per
1293 1822 1359 1844 nos
1391 1809 1516 1846 habita
1542 1812 1709 1848 terminis
1733 1813 1810 1849 sub-

238 1877 472 1913 stancialibus
499 1877 538 1913 in
567 1878 673 1913 causa
699 1883 735 1913 et
762 1877 917 1912 materia
943 1877 1094 1924 prefatis
1119 1877 1164 1912 dc
1191 1877 1270 1912 iure
1298 1877 1483 1913 seruandis
1511 1879 1632 1915 debite
1658 1881 1808 1917 seruatis

238 1945 543 1992 conclufloneque
572 1945 609 1980 in
636 1945 763 1980 eadem
791 1945 886 1981 faeta
917 1945 964 1980 ad
994 1945 1116 1980 nostre
1142 1945 1326 1981 sentencie
1353 1945 1543 1982 diffinitiue
1574 1949 1610 1983 in
1639 1949 1746 1985 causa
1772 1956 1808 1985 et

236 2014 390 2050 materia
408 2013 560 2061 prefatis
578 2012 828 2061 prolacionem
847 2012 1081 2060 proceffimus
1101 2026 1254 2060 eamque
1273 2013 1421 2049 tulimus
1441 2021 1476 2051 et
1494 2016 1807 2064 promulgauimus

235 2083 353 2118 forma
379 2082 617 2129 subsequente
637 2103 645 2111 ·
665 2081 749 2117 Nos
770 2081 941 2117 Andreas
961 2081 1034 2117 Dei
1062 2087 1098 2118 et
1125 2082 1323 2128 apostolice
1347 2082 1438 2118 sedis
1464 2084 1591 2130 gracia
1615 2085 1804 2134 episcopus

237 2150 468 2198 Glasguensis
495 2150 606 2185 iudex
636 2155 672 2185 et
703 2156 878 2185 executor
908 2149 1035 2185 vnicus
1067 2162 1089 2185 a
1116 2149 1197 2185 sede
1223 2149 1422 2197 apostolica
1446 2151 1549 2187 cause
1579 2158 1615 2187 et
1639 2154 1803 2200 partibus

234 2218 473 2266 infrascriptis
500 2217 706 2266 specialiter
730 2218 925 2265 deputatus
951 2230 1018 2265 pro
1046 2218 1220 2254 tribunali
1250 2218 1414 2254 sedentes
1441 2219 1478 2254 in
1507 2221 1664 2266 quadam
1697 2224 1804 2259 causa

234 2287 339 2335 super
346 2286 577 2322 extinccione
590 2292 626 2321 et
638 2285 880 2334 suppreffione
892 2285 1049 2321 nominis
1062 2292 1098 2321 et
1110 2286 1299 2333 dignitatis
1312 2287 1529 2322 cancellarie
1540 2286 1802 2327 Sanctiandree

233 2355 322 2391 alias
352 2356 555 2390 erectorum
585 2359 620 2389 et
647 2353 868 2389 reduccione
887 2353 1074 2400 hospitalis
1103 2366 1304 2401 pauperum
1331 2355 1375 2390 de
1398 2354 1517 2391 Soltre
1537 2356 1630 2392 diae
1650 2358 1801 2395 diocesis

231 2424 270 2459 in
297 2424 427 2459 statum
456 2421 646 2470 pristinum
673 2421 810 2469 illoque
837 2422 988 2458 reduss'w
1017 2422 1148 2464 vnione
1181 2423 1405 2460 anneccione
1434 2430 1470 2460 et
1496 2425 1800 2473 incorporacione
