2147 2964
229 745 271 775 14

233 1154 277 1185 15

240 1906 282 1941 16

337 295 384 330 86
642 289 955 328 REGISTRUM
981 288 1234 326 ECCLESIE
1264 288 1608 327 COLLEGIATE

336 395 463 442 samyn
482 398 587 441 grete
607 392 678 428 sele
698 390 851 427 without
869 396 951 438 gret
969 389 1131 426 labouris
1151 389 1224 425 and
1244 388 1319 425 cost
1337 396 1375 425 to
1392 389 1479 437 keip
1506 390 1536 425 it
1562 389 1620 426 fra
1637 388 1842 437 fewsetting
1862 389 1916 425 till

337 461 563 498 courteouris
582 461 655 497 and
673 460 772 497 vthir
791 459 1088 496 inconuenientis
1108 458 1299 506 apperand
1317 459 1374 494 for
1393 458 1454 494 the
1474 464 1581 507 tyme.

337 613 557 660 Preceptum
576 609 601 646 J
604 610 709 646 acobi
730 609 841 645 Wod.

337 721 595 774 PRECEPTUM
624 734 737 770 satine
765 733 959 769 coniuncte
986 732 1251 768 infeodacionis
1281 733 1405 768 datum
1433 732 1577 768 Jacobo
1597 732 1695 768 Wod
1723 738 1758 767 et
1778 732 1916 780 Agneti

339 805 442 853 Gray
461 804 587 852 sponse
607 804 667 839 sue
686 803 731 838 de
759 808 859 838 terra
887 801 1088 849 posteriore
1113 808 1149 837 et
1177 800 1327 836 edificiis
1355 800 1513 836 eiusdem
1541 800 1743 836 iacentibus
1771 800 1809 835 in
1830 799 1916 834 villa

340 875 385 910 de
405 874 515 910 Leith
538 873 623 921 [etc.
644 878 684 908 ut
703 871 811 919 supra
830 883 890 906 no.
914 870 978 916 11]
1000 891 1006 898 ·
1029 869 1168 906 Datum
1188 870 1234 908 27
1256 869 1346 905 Maii
1370 872 1476 904 1515.

344 1023 581 1071 [Preceptum
601 1020 756 1057 Patricii
778 1018 981 1066 Gardnen]

340 1131 599 1185 PRECEPTCM
628 1146 740 1181 satine
772 1144 899 1180 datum
931 1142 1093 1179 Patricio
1123 1142 1296 1178 Gardner
1329 1149 1364 1178 et
1392 1142 1555 1178 Roberto
1583 1142 1716 1178 Mader
1744 1149 1916 1190 tanquam

341 1216 537 1252 heredibus
564 1215 623 1251 aui
649 1214 701 1249 sui
726 1213 870 1249 Thome
895 1212 1022 1248 Broun
1050 1211 1171 1247 incole
1200 1210 1284 1245 ville
1312 1210 1357 1246 de
1381 1210 1491 1246 Leith
1518 1211 1564 1246 de
1591 1217 1691 1246 terra
1718 1211 1790 1247 siue
1818 1218 1918 1247 tene-

343 1291 466 1321 mento
485 1285 628 1320 iacente
657 1283 694 1318 in
714 1282 810 1318 dieta
830 1280 918 1316 villa
945 1293 988 1316 ex
1016 1286 1121 1327 parte
1149 1278 1298 1314 australi
1326 1291 1420 1325 aque
1445 1279 1604 1315 eiusdem
1634 1279 1672 1314 in
1698 1279 1853 1314 baronia
1873 1280 1918 1314 de

343 1353 510 1390 Lestarik
538 1360 574 1388 et
599 1350 859 1387 vicecomitatu
877 1350 923 1385 de
942 1347 1162 1395 Edinburgh
1191 1360 1271 1382 cum
1299 1347 1444 1395 gabello
1469 1348 1614 1395 lapideo
1635 1348 1806 1384 orientali
1825 1348 1919 1384 dieze

343 1429 441 1457 terre
465 1422 607 1457 iacente
634 1420 731 1455 inter
758 1425 895 1455 terram
923 1417 1108 1465 quondam
1127 1415 1308 1451 Willelmi
1327 1415 1460 1451 Faufid
1488 1429 1531 1452 ex
1558 1422 1661 1465 parte
1690 1416 1860 1453 orientali
1884 1424 1918 1452 et

343 1499 477 1527 terram
505 1489 590 1524 olim
609 1488 635 1524 J
638 1487 793 1523 ohannis
814 1486 930 1529 Quhit
956 1485 1133 1521 heredum
1161 1497 1259 1520 nunc
1286 1498 1372 1520 vero
1400 1492 1536 1521 terram
1554 1485 1738 1522 Johannis
1759 1485 1856 1522 Cant
1875 1500 1918 1522 ex

344 1565 445 1607 parte
475 1556 643 1593 orientali
673 1562 707 1591 et
740 1561 875 1591 terram
906 1554 1090 1601 quondam
1119 1553 1273 1589 Roberti
1301 1553 1462 1590 Bercare
1495 1566 1539 1589 ex
1570 1560 1673 1602 parte
1705 1554 1854 1590 australi
1884 1562 1919 1590 et

345 1639 535 1664 commune
554 1625 751 1674 passagium
773 1624 879 1659 vnius
899 1623 1042 1659 venelle
1062 1636 1106 1658 ex
1124 1628 1230 1670 parte
1248 1622 1388 1658 boreali
1409 1643 1415 1649 ·
1438 1624 1481 1662 17
1502 1623 1721 1659 Decembris
1744 1627 1848 1659 1515.

348 1776 647 1825 [Memorandum
667 1774 712 1810 de
732 1786 878 1809 camera
896 1772 1132 1820 prebendarii
1152 1773 1197 1807 de
1217 1772 1518 1820 Brodyrstanys.]

348 1886 658 1939 MEMORANDUM
687 1898 785 1946 quod
812 1896 1015 1945 prepositus
1041 1897 1239 1932 modernus
1264 1896 1435 1943 magister
1452 1895 1644 1932 Johannes
1663 1896 1788 1945 Brady
1807 1896 1915 1933 habet

348 1982 528 2005 cameram
555 1966 790 2016 prebendarii
818 1967 864 2001 de
887 1965 1159 2013 Brodyrstanys
1186 1965 1223 2000 in
1247 1964 1455 2013 poffessione
1483 1971 1519 2000 et
1545 1964 1671 2000 habuit
1695 1965 1848 2000 eandem
1871 1967 1917 2001 ad

346 2039 494 2086 longum
514 2044 654 2084 tempus
680 2048 748 2083 pro
768 2035 830 2070 sua
849 2047 995 2070 camera
1013 2055 1021 2062 ·
1040 2033 1163 2069 Debet
1189 2033 1330 2069 soluere
1350 2033 1445 2068 diao
1464 2033 1709 2081 prebendario
1729 2034 1917 2070 annuatim

349 2106 410 2141 xiii
423 2119 450 2140 s.
479 2105 532 2140 iiii
545 2105 580 2139 d.
609 2111 678 2139 etc.
707 2115 773 2151 pro
793 2108 957 2149 tempore
979 2103 1040 2137 suo
1061 2101 1084 2136 fi
1104 2102 1166 2137 fibi
1194 2101 1376 2149 placuerit
1395 2123 1402 2130 ·
1422 2101 1471 2137 Et
1497 2101 1566 2137 hoc
1593 2102 1730 2138 fatetur
1749 2103 1846 2149 quod
1866 2104 1917 2138 est

349 2186 493 2209 camera
508 2174 647 2220 semper
664 2170 900 2220 prebendarii
919 2170 964 2206 de
984 2169 1245 2218 Brodirstanys
1260 2192 1267 2198 ·
1283 2170 1331 2205 Et
1349 2170 1419 2206 hoc
1437 2169 1608 2218 scriptum
1628 2176 1664 2206 et
1681 2170 1918 2218 subscriptum

350 2255 430 2277 cum
450 2254 559 2277 manu
577 2239 748 2288 prepositi
770 2239 866 2287 apud
884 2238 1103 2286 Edinburgh
1131 2238 1274 2274 decimo
1293 2238 1443 2286 septimo
1460 2238 1590 2273 menfis
1610 2237 1800 2274 Februarii
1820 2252 1917 2274 anno

350 2310 500 2346 Domini
519 2308 707 2345 millefimo
724 2312 758 2343 νο
771 2307 914 2343 decimo
931 2307 1072 2354 quinto.

448 2377 624 2424 Magister
638 2376 663 2412 J
667 2376 829 2412 ohannes
844 2375 969 2424 Brady
985 2375 1265 2411 archidiaconus
1283 2374 1474 2411 Laudonie
1493 2381 1528 2410 et
1547 2374 1749 2421 prepofitus
1768 2376 1916 2411 ecclelio

501 2444 691 2491 collegiate
712 2443 843 2480 Sanete
864 2443 1071 2480 Trinitatis.
