2147 2964
294 282 365 315 302
669 280 847 316 CARTE
876 279 1127 317 ECCLESIE
1157 280 1501 318 COLLEGIATE

297 378 463 414 villarum
484 380 528 414 de
550 379 714 415 Haltoun
735 387 770 415 et
790 380 999 428 Dalmahoy
1021 393 1062 415 ac
1082 380 1208 415 decem
1228 393 1369 415 mercae
1389 381 1469 428 pari
1488 380 1597 415 modo
1617 380 1871 427 percipiendas

295 447 357 494 qui
377 447 557 494 capellani
577 461 599 483 a
617 448 723 483 dietis
743 448 837 483 villis
856 448 1016 484 habeant
1034 454 1211 496 perpetuo
1231 448 1377 496 collegii
1398 449 1740 484 denominacionem
1756 471 1763 477 -
1780 449 1872 485 Item

294 515 490 551 limitamus
510 517 742 552 decernimus
770 524 806 553 et
834 517 1052 565 assignamus
1071 517 1232 553 decimas
1259 518 1428 565 garbales
1448 517 1616 553 villarum
1636 518 1681 553 de
1701 517 1873 565 Bonyng-

295 590 383 619 toun
408 591 443 620 et
462 584 561 621 Platt
588 598 743 621 vnacum
772 586 899 621 decem
927 585 1009 621 aliis
1036 587 1168 622 mercis
1197 586 1370 622 similibus
1397 586 1479 622 aliis
1507 587 1648 622 duobus
1676 586 1875 633 capellanis

295 653 339 688 ab
362 653 487 688 iisdem
508 654 603 690 villis
632 654 964 702 cognominandis·
986 654 1078 690 Item
1107 655 1306 690 limitamus
1334 655 1567 691 decernimus
1595 660 1631 690 et
1658 653 1876 702 assignamus

295 722 454 757 decimas
481 722 649 770 garbales
669 723 839 758 villarum
867 723 912 758 de
940 722 1112 758 Nortoun
1142 730 1178 758 et
1207 723 1325 772 Byres
1355 731 1391 760 et
1421 724 1548 759 decem
1576 736 1717 759 mercas
1745 723 1876 758 similes

295 791 446 839 reliquis
476 792 618 827 duobus
646 792 845 840 capellanis
874 798 911 827 vt
938 793 1045 839 supra
1071 792 1243 839 scriptum
1273 793 1324 828 cst
1353 792 1565 839 quiquidem
1593 793 1666 827 duo
1694 791 1875 839 capellani

296 861 341 895 de
361 860 500 895 duabus
531 860 683 896 decimis
713 860 928 907 supradictis
955 866 1107 907 propter
1134 874 1258 896 earum
1291 861 1641 909 supercrescenciam
1662 867 1696 896 et
1716 861 1875 896 valorem

296 929 495 964 refundent
525 935 561 964 et
591 929 800 976 persoluent
834 928 982 976 singulis
1014 929 1120 963 annis
1150 942 1232 964 cum
1264 930 1392 965 effe8w
1423 929 1553 977 viginti
1584 936 1741 976 quatuor
1760 929 1877 964 bollas

300 997 474 1033 vs'ualium
504 998 714 1033 victualium
747 997 950 1032 huiusmodi
980 997 1121 1032 duobus
1153 998 1276 1045 pueris
1308 998 1346 1033 in
1375 998 1469 1033 dieto
1502 997 1658 1046 collegio
1691 998 1737 1033 ad
1766 998 1877 1033 visum

296 1065 468 1113 prepositi
497 1073 533 1102 et·
562 1066 712 1114 capituli
741 1066 919 1113 eligendis
950 1072 986 1101 et
1015 1065 1233 1101 assumendis
1261 1066 1423 1101 similiter
1451 1066 1689 1102 deseruituris
1708 1067 1878 1113 quodque

297 1135 383 1170 dieti
410 1135 516 1182 pueri
542 1135 749 1182 percipient
777 1135 928 1183 singulis
956 1134 1059 1169 annis
1083 1147 1149 1181 per
1167 1147 1297 1169 manus
1315 1134 1518 1181 receptoris
1535 1139 1608 1169 tres
1625 1133 1737 1169 libras
1757 1133 1880 1168 similis

296 1211 442 1240 monete
470 1204 566 1239 inter
593 1216 654 1240 eos
683 1192 863 1251 eqbaliter
891 1203 1109 1238 diuidendas
1128 1223 1135 1230 ·
1156 1202 1333 1237 Preterea
1359 1202 1559 1237 limitamus
1587 1202 1819 1237 decernimus
1845 1209 1880 1237 et

297 1274 514 1322 assignamus
542 1274 735 1309 duodecim
763 1273 875 1308 libras
902 1271 1082 1307 restantes
1110 1271 1155 1305 de
1184 1269 1348 1305 censibus
1376 1276 1412 1305 et
1438 1270 1642 1306 redditibus
1661 1283 1726 1318 per
1745 1271 1879 1306 didum

296 1342 321 1378 J
325 1355 480 1378 oannem
498 1341 715 1377 Forresterii
735 1340 964 1376 mortificatis
984 1351 1129 1376 necnon
1147 1346 1184 1374 et
1209 1338 1608 1386 superexcrescenciam
1636 1339 1774 1374 fructus
1793 1339 1880 1375 alte—

299 1411 390 1459 ragii
410 1411 504 1446 di6te
533 1410 683 1446 ecclesie
711 1410 756 1445 de
774 1409 897 1445 Ratho
926 1421 1007 1445 cum
1036 1408 1152 1443 tribus
1181 1407 1342 1443 chaldris
1369 1407 1542 1456 predi&is
1569 1407 1685 1443 soluta
1709 1408 1880 1456 pensione

301 1479 426 1514 vicarii
445 1491 510 1526 per
530 1478 664 1514 εἶίὅὶυζη]
685 1490 914 1513 communem
939 1482 1168 1524 receptorem
1197 1476 1342 1524 collegii
1362 1476 1559 1524 supraditffti
1578 1476 1657 1511 fore
1676 1476 1880 1524 percipien-

299 1549 363 1583 das
383 1548 429 1583 ad
446 1547 690 1596 persoluenda
709 1553 745 1583 et
767 1546 956 1582 subeunda
981 1559 1095 1581 onera
1122 1546 1311 1581 ordinaria
1339 1545 1432 1580 dide
1461 1544 1611 1581 ecclesie
1639 1546 1684 1580 de
1704 1545 1825 1581 Ratho
1846 1551 1881 1580 et

299 1617 450 1652 chorum
466 1616 626 1652 eiusdem
639 1622 817 1663 quantum
832 1615 879 1650 ad
894 1617 1074 1651 rebtorem
1090 1615 1252 1662 pertinet
1266 1614 1540 1650 reformandum
1557 1621 1593 1650 et
1609 1614 1879 1650 sustentandum

300 1699 445 1723 necnon
466 1692 502 1721 et
521 1686 696 1733 expensas
716 1685 815 1721 circa
833 1697 967 1732 panem
996 1691 1032 1720 et
1051 1684 1176 1719 vinum
1204 1697 1271 1731 pro
1292 1684 1517 1719 sacramento
1537 1683 1663 1719 altaris
1686 1684 1882 1719 luminaria

302 1755 405 1791 vitris
428 1755 563 1803 [vitrea
575 1753 607 1802 Ρ]
630 1759 666 1790 et
686 1766 811 1790 cereas
839 1753 972 1790 calices
999 1753 1113 1789 libros
1141 1758 1177 1787 et
1209 1752 1280 1788 alia
1305 1758 1522 1788 ornamenta
1548 1752 1712 1800 predicte
1741 1752 1880 1800 capelle

301 1823 494 1871 collegiate
514 1823 673 1859 eiusdem
693 1836 735 1858 ac
755 1822 956 1858 eorundem
984 1822 1287 1857 sustentacionem
1307 1821 1494 1857 faciendas
1514 1827 1550 1856 et
1568 1821 1853 1868 suppeditandas
1872 1843 1878 1849 -

300 1893 345 1928 de
373 1892 503 1940 quibus
531 1892 700 1927 omnibus
728 1898 764 1926 et
791 1890 940 1939 singulis
967 1891 1066 1926 idem
1093 1896 1263 1938 receptor
1290 1896 1326 1926 et
1356 1896 1572 1937 procurator
1599 1890 1747 1938 singulis
1775 1890 1880 1926 annis

301 1963 448 2009 quocies
476 1961 587 1997 fuerit
614 1960 807 2007 requisitus
835 1960 1018 2008 preposito
1044 1959 1184 2007 capelle
1212 1972 1255 1995 ac
1283 1959 1450 2007 episcopo
1471 1959 1494 1994 fi
1515 1959 1661 2007 exigere
1682 1959 1769 1995 velit
1787 1959 1882 1994 raci-

300 2043 407 2066 onem
426 2030 535 2066 faciet
554 2036 663 2077 atque
683 2029 814 2065 reddet
833 2049 839 2055 ·
859 2028 1015 2064 Fructus
1042 2041 1187 2075 quoque
1214 2029 1321 2075 super
1339 2028 1518 2063 restantes
1545 2028 1592 2064 ad
1611 2029 1710 2064 vsum
1731 2028 1880 2076 capituli

301 2099 338 2134 in
358 2098 517 2147 deposito
537 2098 768 2134 decernimus
797 2098 874 2132 fore
898 2097 1143 2132 obseruandas
1163 2102 1198 2132 et
1217 2096 1241 2131 si
1261 2095 1427 2143 predicta
1452 2096 1589 2131 summa
1615 2102 1725 2143 atque
1744 2096 1880 2132 fruetus

303 2168 348 2203 ad
366 2168 435 2203 hec
454 2168 639 2203 interdum
659 2179 733 2202 non
754 2166 931 2202 sufficient
949 2165 1153 2213 prepositus
1172 2171 1208 2200 et
1227 2164 1410 2211 capellani
1424 2176 1489 2212 pro
1507 2164 1711 2211 quantitate
1735 2165 1879 2200 suorum

301 2242 546 2282 prouentuum
565 2235 898 2283 proporcionaliter
917 2234 1149 2270 contribuent
1173 2239 1209 2268 et
1236 2232 1403 2280 premissa
1422 2232 1673 2269 sustentabunt
1692 2255 1699 2261 ·
1719 2233 1792 2269 Per
1809 2233 1878 2268 hoc

302 2304 522 2350 prepositum
553 2311 589 2339 et
620 2303 803 2339 sacristam
837 2304 882 2338 ab
918 2301 1121 2338 huiusmodi
1158 2314 1269 2336 onere
1299 2301 1433 2336 eisdem
1466 2307 1504 2337 vt
1535 2301 1574 2336 in
1602 2302 1721 2348 prima
1751 2302 1878 2337 funda-

305 2371 408 2405 cione
434 2371 596 2406 iniuncto
628 2377 862 2418 preterquam
894 2377 932 2406 vt
960 2370 1030 2405 iam
1051 2370 1183 2405 dictum
1205 2369 1257 2405 est
1284 2369 1524 2405 absoluendos
1550 2369 1628 2404 fore
1648 2369 1877 2404 decernimus

306 2446 343 2474 et
361 2438 576 2474 absoluimus
597 2461 601 2467 ·
620 2439 677 2474 Ae
693 2439 808 2474 eciam
827 2438 1072 2486 predictorum
1093 2445 1215 2474 autem
1235 2443 1392 2484 quatuor
1408 2437 1679 2485 capellanorum
1695 2437 1877 2483 presenta-
