<?xml version="1.0" encoding="UTF-8"?>
<!DOCTYPE html PUBLIC "-//W3C//DTD XHTML 1.0 Transitional//EN"
    "http://www.w3.org/TR/xhtml1/DTD/xhtml1-transitional.dtd">
<html xmlns="http://www.w3.org/1999/xhtml" xml:lang="en" lang="en">
 <head>
  <title>
</title>
<meta http-equiv="Content-Type" content="text/html;charset=utf-8" />
  <meta name='ocr-system' content='tesseract 3.04.00' />
  <meta name='ocr-capabilities' content='ocr_page ocr_carea ocr_par ocr_line ocrx_word'/>
</head>
<body>
  <div class='ocr_page' id='page_1' title='image "./registrumdomusde00lain_0238.png"; bbox 0 0 2147 2964; ppageno 0'>
   <div class='ocr_carea' id='block_1_1' title="bbox 319 283 1596 325">
    <p class='ocr_par' dir='ltr' id='par_1_1' title="bbox 319 283 1596 325">
     <span class='ocr_line' id='line_1_1' title="bbox 319 283 1596 325; baseline -0.003 -1"><span class='ocrx_word' id='word_1_1' title='bbox 319 290 364 325; x_wconf 78' lang='lat'>(32</span> <span class='ocrx_word' id='word_1_2' title='bbox 621 284 937 322; x_wconf 87' lang='lat' dir='ltr'>REGISTRUM</span> <span class='ocrx_word' id='word_1_3' title='bbox 965 283 1220 320; x_wconf 81' lang='lat' dir='ltr'>ECCLESIE</span> <span class='ocrx_word' id='word_1_4' title='bbox 1249 283 1596 321; x_wconf 86' lang='lat' dir='ltr'>COLLEGIATE</span> 
     </span>
    </p>
   </div>
   <div class='ocr_carea' id='block_1_2' title="bbox 321 383 1908 2414">
    <p class='ocr_par' dir='ltr' id='par_1_2' title="bbox 321 383 1908 2414">
     <span class='ocr_line' id='line_1_2' title="bbox 321 383 1895 435; baseline -0.003 -12"><span class='ocrx_word' id='word_1_5' title='bbox 321 388 476 435; x_wconf 82' lang='lat' dir='ltr'>collegio</span> <span class='ocrx_word' id='word_1_6' title='bbox 509 394 543 422; x_wconf 88' lang='lat' dir='ltr'>et</span> <span class='ocrx_word' id='word_1_7' title='bbox 579 385 749 434; x_wconf 86' lang='lat' dir='ltr'>hospitali</span> <span class='ocrx_word' id='word_1_8' title='bbox 786 385 931 420; x_wconf 87' lang='lat' dir='ltr'>nouiter</span> <span class='ocrx_word' id='word_1_9' title='bbox 966 397 1031 432; x_wconf 87' lang='lat' dir='ltr'>per</span> <span class='ocrx_word' id='word_1_10' title='bbox 1068 383 1323 419; x_wconf 82' lang='lat' dir='ltr'>sereniffimam</span> <span class='ocrx_word' id='word_1_11' title='bbox 1359 383 1605 432; x_wconf 76' lang='lat' dir='ltr'>principissam</span> <span class='ocrx_word' id='word_1_12' title='bbox 1640 390 1676 420; x_wconf 83' lang='lat' dir='ltr'>et</span> <span class='ocrx_word' id='word_1_13' title='bbox 1711 384 1895 419; x_wconf 87' lang='lat' dir='ltr'>dominam</span> 
     </span>
     <span class='ocr_line' id='line_1_3' title="bbox 322 452 1897 502; baseline -0.003 -12"><span class='ocrx_word' id='word_1_14' title='bbox 322 456 504 491; x_wconf 86' lang='lat' dir='ltr'>dominam</span> <span class='ocrx_word' id='word_1_15' title='bbox 526 454 683 490; x_wconf 88' lang='lat' dir='ltr'>Mariam</span> <span class='ocrx_word' id='word_1_16' title='bbox 710 454 782 490; x_wconf 82' lang='lat' dir='ltr'>Dei</span> <span class='ocrx_word' id='word_1_17' title='bbox 810 453 936 502; x_wconf 79' lang='lat' dir='ltr'>gracia</span> <span class='ocrx_word' id='word_1_18' title='bbox 962 453 1128 500; x_wconf 80' lang='lat' dir='ltr'>reginam</span> <span class='ocrx_word' id='word_1_19' title='bbox 1158 452 1284 488; x_wconf 81' lang='lat' dir='ltr'>Scocie</span> <span class='ocrx_word' id='word_1_20' title='bbox 1311 452 1582 487; x_wconf 78' lang='lat' dir='ltr'>illustrissimam</span> <span class='ocrx_word' id='word_1_21' title='bbox 1612 453 1717 488; x_wconf 82' lang='lat' dir='ltr'>iuxta</span> <span class='ocrx_word' id='word_1_22' title='bbox 1741 453 1897 499; x_wconf 80' lang='lat' dir='ltr'>burgum</span> 
     </span>
     <span class='ocr_line' id='line_1_4' title="bbox 322 520 1897 572; baseline -0.003 -12"><span class='ocrx_word' id='word_1_23' title='bbox 322 526 366 560; x_wconf 89' lang='lat' dir='ltr'>de</span> <span class='ocrx_word' id='word_1_24' title='bbox 395 524 612 572; x_wconf 81' lang='lat' dir='ltr'>Edinburgh</span> <span class='ocrx_word' id='word_1_25' title='bbox 642 536 684 558; x_wconf 85' lang='lat' dir='ltr'>ex</span> <span class='ocrx_word' id='word_1_26' title='bbox 714 528 819 570; x_wconf 83' lang='lat' dir='ltr'>parte</span> <span class='ocrx_word' id='word_1_27' title='bbox 850 521 982 557; x_wconf 78' lang='lat' dir='ltr'>boriali</span> <span class='ocrx_word' id='word_1_28' title='bbox 1012 521 1171 557; x_wconf 85' lang='lat' dir='ltr'>eiusdem</span> <span class='ocrx_word' id='word_1_29' title='bbox 1202 521 1356 556; x_wconf 85' lang='lat' dir='ltr'>fundato</span> <span class='ocrx_word' id='word_1_30' title='bbox 1384 533 1450 568; x_wconf 90' lang='lat' dir='ltr'>per</span> <span class='ocrx_word' id='word_1_31' title='bbox 1479 521 1611 556; x_wconf 61' lang='lat' dir='ltr'>dietam</span> <span class='ocrx_word' id='word_1_32' title='bbox 1641 520 1897 556; x_wconf 74' lang='lat' dir='ltr'>serenissimam</span> 
     </span>
     <span class='ocr_line' id='line_1_5' title="bbox 321 589 1898 641; baseline -0.003 -12"><span class='ocrx_word' id='word_1_33' title='bbox 321 592 566 641; x_wconf 70' lang='lat' dir='ltr'>principissam</span> <span class='ocrx_word' id='word_1_34' title='bbox 587 592 759 628; x_wconf 64' lang='lat' dir='ltr'>aStricem</span> <span class='ocrx_word' id='word_1_35' title='bbox 779 591 824 626; x_wconf 88' lang='lat' dir='ltr'>ab</span> <span class='ocrx_word' id='word_1_36' title='bbox 845 603 916 625; x_wconf 90' lang='lat' dir='ltr'>vna</span> <span class='ocrx_word' id='word_1_37' title='bbox 942 596 978 625; x_wconf 82' lang='lat' dir='ltr'>et</span> <span class='ocrx_word' id='word_1_38' title='bbox 1002 590 1245 624; x_wconf 86' lang='lat' dir='ltr'>reuerendum</span> <span class='ocrx_word' id='word_1_39' title='bbox 1267 589 1304 624; x_wconf 87' lang='lat' dir='ltr'>in</span> <span class='ocrx_word' id='word_1_40' title='bbox 1327 589 1473 625; x_wconf 88' lang='lat' dir='ltr'>Christo</span> <span class='ocrx_word' id='word_1_41' title='bbox 1492 595 1635 636; x_wconf 88' lang='lat' dir='ltr'>patrem</span> <span class='ocrx_word' id='word_1_42' title='bbox 1656 595 1691 625; x_wconf 89' lang='lat' dir='ltr'>et</span> <span class='ocrx_word' id='word_1_43' title='bbox 1711 589 1898 625; x_wconf 84' lang='lat' dir='ltr'>dominum</span> 
     </span>
     <span class='ocr_line' id='line_1_6' title="bbox 323 657 1898 706; baseline -0.004 -8"><span class='ocrx_word' id='word_1_44' title='bbox 323 662 347 697; x_wconf 87' lang='lat' dir='ltr'>J</span> <span class='ocrx_word' id='word_1_45' title='bbox 351 662 503 698; x_wconf 85' lang='lat' dir='ltr'>acoburn</span> <span class='ocrx_word' id='word_1_46' title='bbox 523 660 760 696; x_wconf 82' lang='lat' dir='ltr'>miseracione</span> <span class='ocrx_word' id='word_1_47' title='bbox 780 659 906 694; x_wconf 88' lang='lat' dir='ltr'>diuina</span> <span class='ocrx_word' id='word_1_48' title='bbox 924 658 1131 706; x_wconf 87' lang='lat' dir='ltr'>episcopum</span> <span class='ocrx_word' id='word_1_49' title='bbox 1155 657 1418 694; x_wconf 57' lang='lat' dir='ltr'>Sanftiandree</span> <span class='ocrx_word' id='word_1_50' title='bbox 1438 658 1738 704; x_wconf 76' lang='lat' dir='ltr'>venerabilesque</span> <span class='ocrx_word' id='word_1_51' title='bbox 1759 663 1898 705; x_wconf 85' lang='lat' dir='ltr'>patrem</span> 
     </span>
     <span class='ocr_line' id='line_1_7' title="bbox 324 726 1900 777; baseline -0.004 -10"><span class='ocrx_word' id='word_1_52' title='bbox 324 738 359 767; x_wconf 86' lang='lat' dir='ltr'>et</span> <span class='ocrx_word' id='word_1_53' title='bbox 388 731 484 766; x_wconf 78' lang='lat' dir='ltr'>viros</span> <span class='ocrx_word' id='word_1_54' title='bbox 511 729 669 777; x_wconf 83' lang='lat' dir='ltr'>priorem</span> <span class='ocrx_word' id='word_1_55' title='bbox 697 734 733 763; x_wconf 83' lang='lat' dir='ltr'>et</span> <span class='ocrx_word' id='word_1_56' title='bbox 761 733 981 763; x_wconf 85' lang='lat' dir='ltr'>conuentum</span> <span class='ocrx_word' id='word_1_57' title='bbox 1012 726 1171 761; x_wconf 84' lang='lat' dir='ltr'>eiusdem</span> <span class='ocrx_word' id='word_1_58' title='bbox 1201 732 1236 761; x_wconf 85' lang='lat' dir='ltr'>et</span> <span class='ocrx_word' id='word_1_59' title='bbox 1264 726 1353 761; x_wconf 90' lang='lat' dir='ltr'>alios</span> <span class='ocrx_word' id='word_1_60' title='bbox 1373 738 1528 773; x_wconf 87' lang='lat' dir='ltr'>quorum</span> <span class='ocrx_word' id='word_1_61' title='bbox 1547 726 1699 761; x_wconf 85' lang='lat' dir='ltr'>interest</span> <span class='ocrx_word' id='word_1_62' title='bbox 1718 739 1800 761; x_wconf 90' lang='lat' dir='ltr'>reos</span> <span class='ocrx_word' id='word_1_63' title='bbox 1818 738 1900 773; x_wconf 87' lang='lat' dir='ltr'>par-</span> 
     </span>
     <span class='ocr_line' id='line_1_8' title="bbox 325 794 1901 842; baseline -0.005 -6"><span class='ocrx_word' id='word_1_64' title='bbox 325 802 421 836; x_wconf 84' lang='lat' dir='ltr'>tibus</span> <span class='ocrx_word' id='word_1_65' title='bbox 440 800 485 835; x_wconf 85' lang='lat' dir='ltr'>ab</span> <span class='ocrx_word' id='word_1_66' title='bbox 504 799 620 835; x_wconf 80' lang='lat' dir='ltr'>altera</span> <span class='ocrx_word' id='word_1_67' title='bbox 643 810 764 833; x_wconf 80' lang='lat' dir='ltr'>corani</span> <span class='ocrx_word' id='word_1_68' title='bbox 791 796 894 832; x_wconf 87' lang='lat' dir='ltr'>nobis</span> <span class='ocrx_word' id='word_1_69' title='bbox 922 795 1142 831; x_wconf 87' lang='lat' dir='ltr'>iudicialiter</span> <span class='ocrx_word' id='word_1_70' title='bbox 1163 794 1338 830; x_wconf 83' lang='lat' dir='ltr'>ventilata</span> <span class='ocrx_word' id='word_1_71' title='bbox 1365 794 1625 842; x_wconf 84' lang='lat' dir='ltr'>cognoscentes</span> <span class='ocrx_word' id='word_1_72' title='bbox 1647 794 1782 830; x_wconf 81' lang='lat' dir='ltr'>auditis</span> <span class='ocrx_word' id='word_1_73' title='bbox 1801 794 1901 841; x_wconf 91' lang='lat' dir='ltr'>prius</span> 
     </span>
     <span class='ocr_line' id='line_1_9' title="bbox 324 863 1900 917; baseline -0.004 -12"><span class='ocrx_word' id='word_1_74' title='bbox 324 882 389 917; x_wconf 87' lang='lat' dir='ltr'>pro</span> <span class='ocrx_word' id='word_1_75' title='bbox 409 875 512 916; x_wconf 84' lang='lat' dir='ltr'>parte</span> <span class='ocrx_word' id='word_1_76' title='bbox 532 867 625 902; x_wconf 61' lang='lat' dir='ltr'>diae</span> <span class='ocrx_word' id='word_1_77' title='bbox 645 865 791 901; x_wconf 87' lang='lat' dir='ltr'>domine</span> <span class='ocrx_word' id='word_1_78' title='bbox 811 865 938 912; x_wconf 83' lang='lat' dir='ltr'>regine</span> <span class='ocrx_word' id='word_1_79' title='bbox 958 863 1151 912; x_wconf 83' lang='lat' dir='ltr'>propositis</span> <span class='ocrx_word' id='word_1_80' title='bbox 1179 863 1318 898; x_wconf 87' lang='lat' dir='ltr'>iuribus</span> <span class='ocrx_word' id='word_1_81' title='bbox 1346 870 1382 898; x_wconf 82' lang='lat' dir='ltr'>et</span> <span class='ocrx_word' id='word_1_82' title='bbox 1408 863 1694 910; x_wconf 88' lang='lat' dir='ltr'>probacionibus</span> <span class='ocrx_word' id='word_1_83' title='bbox 1722 863 1829 911; x_wconf 85' lang='lat' dir='ltr'>ipsius</span> <span class='ocrx_word' id='word_1_84' title='bbox 1858 876 1900 898; x_wconf 80' lang='lat' dir='ltr'>cx</span> 
     </span>
     <span class='ocr_line' id='line_1_10' title="bbox 325 930 1901 985; baseline -0.004 -13"><span class='ocrx_word' id='word_1_85' title='bbox 325 943 429 985; x_wconf 88' lang='lat' dir='ltr'>parte</span> <span class='ocrx_word' id='word_1_86' title='bbox 448 935 633 984; x_wconf 58' lang='lat' dir='ltr'>prodiistis</span> <span class='ocrx_word' id='word_1_87' title='bbox 653 933 733 969; x_wconf 77' lang='lat' dir='ltr'>vifis</span> <span class='ocrx_word' id='word_1_88' title='bbox 755 932 895 968; x_wconf 86' lang='lat' dir='ltr'>rimatis</span> <span class='ocrx_word' id='word_1_89' title='bbox 915 939 951 967; x_wconf 85' lang='lat' dir='ltr'>et</span> <span class='ocrx_word' id='word_1_90' title='bbox 977 931 1172 967; x_wconf 56' lang='lat' dir='ltr'>intenebris</span> <span class='ocrx_word' id='word_1_91' title='bbox 1200 944 1241 966; x_wconf 91' lang='lat' dir='ltr'>ac</span> <span class='ocrx_word' id='word_1_92' title='bbox 1265 931 1311 966; x_wconf 90' lang='lat' dir='ltr'>ad</span> <span class='ocrx_word' id='word_1_93' title='bbox 1338 931 1486 978; x_wconf 88' lang='lat' dir='ltr'>plenum</span> <span class='ocrx_word' id='word_1_94' title='bbox 1508 930 1666 967; x_wconf 72' lang='lat' dir='ltr'>discussis</span> <span class='ocrx_word' id='word_1_95' title='bbox 1687 938 1722 967; x_wconf 84' lang='lat' dir='ltr'>et</span> <span class='ocrx_word' id='word_1_96' title='bbox 1742 930 1901 967; x_wconf 86' lang='lat' dir='ltr'>conside-</span> 
     </span>
     <span class='ocr_line' id='line_1_11' title="bbox 327 999 1901 1051; baseline -0.004 -10"><span class='ocrx_word' id='word_1_97' title='bbox 327 1007 415 1041; x_wconf 83' lang='lat' dir='ltr'>ratis</span> <span class='ocrx_word' id='word_1_98' title='bbox 434 1012 470 1040; x_wconf 84' lang='lat' dir='ltr'>et</span> <span class='ocrx_word' id='word_1_99' title='bbox 489 1006 575 1051; x_wconf 88' lang='lat' dir='ltr'>quia</span> <span class='ocrx_word' id='word_1_100' title='bbox 594 1003 716 1038; x_wconf 84' lang='lat' dir='ltr'>omnia</span> <span class='ocrx_word' id='word_1_101' title='bbox 734 1007 769 1037; x_wconf 80' lang='lat' dir='ltr'>et</span> <span class='ocrx_word' id='word_1_102' title='bbox 795 1000 934 1048; x_wconf 77' lang='lat' dir='ltr'>singula</span> <span class='ocrx_word' id='word_1_103' title='bbox 959 1000 996 1035; x_wconf 88' lang='lat' dir='ltr'>in</span> <span class='ocrx_word' id='word_1_104' title='bbox 1026 999 1228 1035; x_wconf 84' lang='lat' dir='ltr'>huiusmodi</span> <span class='ocrx_word' id='word_1_105' title='bbox 1251 999 1367 1034; x_wconf 86' lang='lat' dir='ltr'>literis</span> <span class='ocrx_word' id='word_1_106' title='bbox 1387 999 1595 1046; x_wconf 88' lang='lat' dir='ltr'>apostolicis</span> <span class='ocrx_word' id='word_1_107' title='bbox 1614 1006 1765 1035; x_wconf 84' lang='lat' dir='ltr'>narrata</span> <span class='ocrx_word' id='word_1_108' title='bbox 1789 1006 1823 1035; x_wconf 86' lang='lat' dir='ltr'>et</span> <span class='ocrx_word' id='word_1_109' title='bbox 1844 1012 1901 1034; x_wconf 86' lang='lat' dir='ltr'>ex-</span> 
     </span>
     <span class='ocr_line' id='line_1_12' title="bbox 327 1067 1902 1123; baseline -0.004 -14"><span class='ocrx_word' id='word_1_110' title='bbox 327 1073 441 1123; x_wconf 78' lang='lat' dir='ltr'>pressa</span> <span class='ocrx_word' id='word_1_111' title='bbox 460 1073 611 1108; x_wconf 77' lang='lat' dir='ltr'>veritate</span> <span class='ocrx_word' id='word_1_112' title='bbox 639 1071 761 1106; x_wconf 86' lang='lat' dir='ltr'>fulciri</span> <span class='ocrx_word' id='word_1_113' title='bbox 789 1071 1033 1117; x_wconf 86' lang='lat' dir='ltr'>comperimus</span> <span class='ocrx_word' id='word_1_114' title='bbox 1061 1082 1103 1104; x_wconf 91' lang='lat' dir='ltr'>ac</span> <span class='ocrx_word' id='word_1_115' title='bbox 1131 1067 1416 1115; x_wconf 83' lang='lat' dir='ltr'>refignacionem</span> <span class='ocrx_word' id='word_1_116' title='bbox 1437 1068 1579 1115; x_wconf 86' lang='lat' dir='ltr'>prefate</span> <span class='ocrx_word' id='word_1_117' title='bbox 1600 1068 1819 1103; x_wconf 81' lang='lat' dir='ltr'>cancellarie</span> <span class='ocrx_word' id='word_1_118' title='bbox 1839 1081 1902 1116; x_wconf 89' lang='lat' dir='ltr'>per</span> 
     </span>
     <span class='ocr_line' id='line_1_13' title="bbox 329 1135 1902 1185; baseline -0.004 -7"><span class='ocrx_word' id='word_1_119' title='bbox 329 1143 465 1178; x_wconf 61' lang='lat' dir='ltr'>dietum</span> <span class='ocrx_word' id='word_1_120' title='bbox 484 1141 693 1176; x_wconf 80' lang='lat' dir='ltr'>Johannem</span> <span class='ocrx_word' id='word_1_121' title='bbox 722 1137 945 1185; x_wconf 80' lang='lat' dir='ltr'>possessorem</span> <span class='ocrx_word' id='word_1_122' title='bbox 966 1137 1125 1172; x_wconf 87' lang='lat' dir='ltr'>eiusdem</span> <span class='ocrx_word' id='word_1_123' title='bbox 1154 1136 1244 1171; x_wconf 83' lang='lat' dir='ltr'>alias</span> <span class='ocrx_word' id='word_1_124' title='bbox 1269 1135 1396 1183; x_wconf 86' lang='lat' dir='ltr'>sponte</span> <span class='ocrx_word' id='word_1_125' title='bbox 1416 1141 1452 1171; x_wconf 86' lang='lat' dir='ltr'>et</span> <span class='ocrx_word' id='word_1_126' title='bbox 1471 1135 1586 1171; x_wconf 88' lang='lat' dir='ltr'>libere</span> <span class='ocrx_word' id='word_1_127' title='bbox 1605 1136 1734 1171; x_wconf 58' lang='lat' dir='ltr'>fafiam</span> <span class='ocrx_word' id='word_1_128' title='bbox 1756 1137 1902 1171; x_wconf 88' lang='lat' dir='ltr'>consen-</span> 
     </span>
     <span class='ocr_line' id='line_1_14' title="bbox 329 1203 1903 1258; baseline -0.004 -12"><span class='ocrx_word' id='word_1_129' title='bbox 329 1213 439 1258; x_wconf 83' lang='lat' dir='ltr'>suque</span> <span class='ocrx_word' id='word_1_130' title='bbox 455 1207 663 1245; x_wconf 67' lang='lat' dir='ltr'>serenissimi</span> <span class='ocrx_word' id='word_1_131' title='bbox 681 1206 858 1254; x_wconf 83' lang='lat' dir='ltr'>principis</span> <span class='ocrx_word' id='word_1_132' title='bbox 877 1211 911 1241; x_wconf 91' lang='lat' dir='ltr'>et</span> <span class='ocrx_word' id='word_1_133' title='bbox 932 1205 1070 1240; x_wconf 90' lang='lat' dir='ltr'>domini</span> <span class='ocrx_word' id='word_1_134' title='bbox 1088 1203 1202 1239; x_wconf 88' lang='lat' dir='ltr'>nostri</span> <span class='ocrx_word' id='word_1_135' title='bbox 1222 1203 1505 1239; x_wconf 81' lang='lat' dir='ltr'>dominiJacobi</span> <span class='ocrx_word' id='word_1_136' title='bbox 1525 1204 1693 1239; x_wconf 87' lang='lat' dir='ltr'>moderni</span> <span class='ocrx_word' id='word_1_137' title='bbox 1711 1204 1903 1241; x_wconf 82' lang='lat' dir='ltr'>Scotorum</span> 
     </span>
     <span class='ocr_line' id='line_1_15' title="bbox 330 1272 1904 1327; baseline -0.004 -12"><span class='ocrx_word' id='word_1_138' title='bbox 330 1280 426 1327; x_wconf 85' lang='lat' dir='ltr'>regis</span> <span class='ocrx_word' id='word_1_139' title='bbox 444 1277 667 1314; x_wconf 84' lang='lat' dir='ltr'>illustriffimi</span> <span class='ocrx_word' id='word_1_140' title='bbox 687 1275 774 1311; x_wconf 70' lang='grc' dir='ltr'>(1ὶὸὶί</span> <span class='ocrx_word' id='word_1_141' title='bbox 799 1274 985 1322; x_wconf 79' lang='lat' dir='ltr'>hospitalis</span> <span class='ocrx_word' id='word_1_142' title='bbox 1004 1274 1049 1309; x_wconf 91' lang='lat' dir='ltr'>de</span> <span class='ocrx_word' id='word_1_143' title='bbox 1071 1272 1191 1309; x_wconf 83' lang='lat' dir='ltr'>Soltre</span> <span class='ocrx_word' id='word_1_144' title='bbox 1217 1272 1363 1320; x_wconf 87' lang='lat' dir='ltr'>patroni</span> <span class='ocrx_word' id='word_1_145' title='bbox 1382 1272 1479 1307; x_wconf 84' lang='lat' dir='ltr'>vnici</span> <span class='ocrx_word' id='word_1_146' title='bbox 1499 1278 1535 1307; x_wconf 86' lang='lat' dir='ltr'>ct</span> <span class='ocrx_word' id='word_1_147' title='bbox 1554 1273 1751 1309; x_wconf 79' lang='lat' dir='ltr'>indubitati</span> <span class='ocrx_word' id='word_1_148' title='bbox 1771 1274 1816 1309; x_wconf 89' lang='lat' dir='ltr'>ad</span> <span class='ocrx_word' id='word_1_149' title='bbox 1836 1273 1904 1308; x_wconf 88' lang='lat' dir='ltr'>hoc</span> 
     </span>
     <span class='ocr_line' id='line_1_16' title="bbox 331 1340 1904 1389; baseline -0.005 -6"><span class='ocrx_word' id='word_1_150' title='bbox 331 1346 527 1383; x_wconf 85' lang='lat' dir='ltr'>reuerendi</span> <span class='ocrx_word' id='word_1_151' title='bbox 547 1344 661 1380; x_wconf 89' lang='lat' dir='ltr'>eciam</span> <span class='ocrx_word' id='word_1_152' title='bbox 685 1344 723 1378; x_wconf 87' lang='lat' dir='ltr'>in</span> <span class='ocrx_word' id='word_1_153' title='bbox 745 1342 890 1379; x_wconf 88' lang='lat' dir='ltr'>Christo</span> <span class='ocrx_word' id='word_1_154' title='bbox 918 1341 1034 1389; x_wconf 87' lang='lat' dir='ltr'>patris</span> <span class='ocrx_word' id='word_1_155' title='bbox 1054 1347 1089 1376; x_wconf 85' lang='lat' dir='ltr'>et</span> <span class='ocrx_word' id='word_1_156' title='bbox 1109 1340 1249 1376; x_wconf 88' lang='lat' dir='ltr'>domini</span> <span class='ocrx_word' id='word_1_157' title='bbox 1277 1340 1414 1375; x_wconf 86' lang='lat' dir='ltr'>domini</span> <span class='ocrx_word' id='word_1_158' title='bbox 1435 1340 1568 1375; x_wconf 78' lang='lat' dir='ltr'>Jacobi</span> <span class='ocrx_word' id='word_1_159' title='bbox 1589 1341 1746 1388; x_wconf 86' lang='lat' dir='ltr'>episcopi</span> <span class='ocrx_word' id='word_1_160' title='bbox 1768 1340 1904 1377; x_wconf 69' lang='lat' dir='ltr'>Sanffi-</span> 
     </span>
     <span class='ocr_line' id='line_1_17' title="bbox 332 1401 1905 1463; baseline -0.004 -12"><span class='ocrx_word' id='word_1_161' title='bbox 332 1416 468 1452; x_wconf 84' lang='lat' dir='ltr'>andree</span> <span class='ocrx_word' id='word_1_162' title='bbox 486 1413 618 1463; x_wconf 87' lang='lat' dir='ltr'>prioris</span> <span class='ocrx_word' id='word_1_163' title='bbox 639 1419 674 1447; x_wconf 83' lang='lat' dir='ltr'>et</span> <span class='ocrx_word' id='word_1_164' title='bbox 694 1416 897 1447; x_wconf 85' lang='lat' dir='ltr'>conuentus</span> <span class='ocrx_word' id='word_1_165' title='bbox 918 1410 1076 1445; x_wconf 85' lang='lat' dir='ltr'>eiusdem</span> <span class='ocrx_word' id='word_1_166' title='bbox 1103 1401 1328 1457; x_wconf 74' lang='lat' dir='ltr'>prefatorum</span> <span class='ocrx_word' id='word_1_167' title='bbox 1351 1408 1449 1443; x_wconf 83' lang='lat' dir='ltr'>claro</span> <span class='ocrx_word' id='word_1_168' title='bbox 1471 1415 1506 1443; x_wconf 87' lang='lat' dir='ltr'>et</span> <span class='ocrx_word' id='word_1_169' title='bbox 1525 1408 1687 1456; x_wconf 76' lang='lat' dir='ltr'>expresso</span> <span class='ocrx_word' id='word_1_170' title='bbox 1707 1410 1905 1445; x_wconf 81' lang='lat' dir='ltr'>accedente</span> 
     </span>
     <span class='ocr_line' id='line_1_18' title="bbox 330 1476 1905 1527; baseline -0.004 -8"><span class='ocrx_word' id='word_1_171' title='bbox 330 1483 502 1520; x_wconf 71' lang='lat' dir='ltr'>consensu</span> <span class='ocrx_word' id='word_1_172' title='bbox 521 1481 643 1517; x_wconf 85' lang='lat' dir='ltr'>Deum</span> <span class='ocrx_word' id='word_1_173' title='bbox 667 1493 733 1527; x_wconf 89' lang='lat' dir='ltr'>pre</span> <span class='ocrx_word' id='word_1_174' title='bbox 759 1479 873 1514; x_wconf 88' lang='lat' dir='ltr'>oculis</span> <span class='ocrx_word' id='word_1_175' title='bbox 900 1478 1078 1514; x_wconf 87' lang='lat' dir='ltr'>habentes</span> <span class='ocrx_word' id='word_1_176' title='bbox 1099 1477 1246 1523; x_wconf 87' lang='lat' dir='ltr'>eiusque</span> <span class='ocrx_word' id='word_1_177' title='bbox 1266 1476 1415 1511; x_wconf 83' lang='lat' dir='ltr'>nomine</span> <span class='ocrx_word' id='word_1_178' title='bbox 1435 1476 1648 1512; x_wconf 57' lang='lat' dir='ltr'>sanctissimo</span> <span class='ocrx_word' id='word_1_179' title='bbox 1668 1477 1834 1524; x_wconf 87' lang='lat' dir='ltr'>primitus</span> <span class='ocrx_word' id='word_1_180' title='bbox 1854 1478 1905 1513; x_wconf 90' lang='lat' dir='ltr'>in-</span> 
     </span>
     <span class='ocr_line' id='line_1_19' title="bbox 329 1545 1906 1597; baseline -0.004 -9"><span class='ocrx_word' id='word_1_181' title='bbox 329 1558 460 1588; x_wconf 81' lang='lat' dir='ltr'>uocato</span> <span class='ocrx_word' id='word_1_182' title='bbox 479 1548 767 1597; x_wconf 82' lang='lat' dir='ltr'>iurisperitorum</span> <span class='ocrx_word' id='word_1_183' title='bbox 797 1547 912 1582; x_wconf 85' lang='lat' dir='ltr'>eciam</span> <span class='ocrx_word' id='word_1_184' title='bbox 942 1545 1091 1582; x_wconf 86' lang='lat' dir='ltr'>consilio</span> <span class='ocrx_word' id='word_1_185' title='bbox 1118 1547 1239 1581; x_wconf 88' lang='lat' dir='ltr'>secuto</span> <span class='ocrx_word' id='word_1_186' title='bbox 1267 1545 1483 1580; x_wconf 54' lang='lat' dir='ltr'>auctoritate</span> <span class='ocrx_word' id='word_1_187' title='bbox 1509 1545 1709 1592; x_wconf 87' lang='lat' dir='ltr'>apostolica</span> <span class='ocrx_word' id='word_1_188' title='bbox 1737 1559 1809 1593; x_wconf 90' lang='lat' dir='ltr'>qua</span> <span class='ocrx_word' id='word_1_189' title='bbox 1828 1547 1906 1582; x_wconf 90' lang='lat' dir='ltr'>fun-</span> 
     </span>
     <span class='ocr_line' id='line_1_20' title="bbox 329 1614 1906 1669; baseline -0.004 -13"><span class='ocrx_word' id='word_1_190' title='bbox 329 1622 449 1669; x_wconf 79' lang='lat' dir='ltr'>gimur</span> <span class='ocrx_word' id='word_1_191' title='bbox 469 1620 504 1655; x_wconf 90' lang='lat' dir='ltr'>in</span> <span class='ocrx_word' id='word_1_192' title='bbox 523 1619 592 1654; x_wconf 89' lang='lat' dir='ltr'>hac</span> <span class='ocrx_word' id='word_1_193' title='bbox 610 1623 714 1666; x_wconf 85' lang='lat' dir='ltr'>parte</span> <span class='ocrx_word' id='word_1_194' title='bbox 733 1629 798 1663; x_wconf 87' lang='lat' dir='ltr'>per</span> <span class='ocrx_word' id='word_1_195' title='bbox 817 1616 913 1651; x_wconf 90' lang='lat' dir='ltr'>hanc</span> <span class='ocrx_word' id='word_1_196' title='bbox 940 1615 1099 1650; x_wconf 85' lang='lat' dir='ltr'>nostram</span> <span class='ocrx_word' id='word_1_197' title='bbox 1128 1614 1351 1650; x_wconf 80' lang='lat' dir='ltr'>sentenciam</span> <span class='ocrx_word' id='word_1_198' title='bbox 1371 1614 1600 1650; x_wconf 85' lang='lat' dir='ltr'>diffinitiuam</span> <span class='ocrx_word' id='word_1_199' title='bbox 1622 1627 1730 1662; x_wconf 80' lang='lat' dir='ltr'>quam</span> <span class='ocrx_word' id='word_1_200' title='bbox 1756 1616 1906 1651; x_wconf 87' lang='lat' dir='ltr'>ferimus</span> 
     </span>
     <span class='ocr_line' id='line_1_21' title="bbox 332 1683 1905 1734; baseline -0.004 -9"><span class='ocrx_word' id='word_1_201' title='bbox 332 1691 366 1725; x_wconf 89' lang='lat' dir='ltr'>in</span> <span class='ocrx_word' id='word_1_202' title='bbox 387 1689 453 1724; x_wconf 89' lang='lat' dir='ltr'>hiis</span> <span class='ocrx_word' id='word_1_203' title='bbox 473 1686 615 1734; x_wconf 85' lang='lat' dir='ltr'>seriptis</span> <span class='ocrx_word' id='word_1_204' title='bbox 633 1684 921 1733; x_wconf 84' lang='lat' dir='ltr'>pronunciamus</span> <span class='ocrx_word' id='word_1_205' title='bbox 936 1683 1168 1718; x_wconf 88' lang='lat' dir='ltr'>decernimus</span> <span class='ocrx_word' id='word_1_206' title='bbox 1188 1690 1223 1718; x_wconf 87' lang='lat' dir='ltr'>et</span> <span class='ocrx_word' id='word_1_207' title='bbox 1241 1683 1470 1717; x_wconf 82' lang='lat' dir='ltr'>declaramus</span> <span class='ocrx_word' id='word_1_208' title='bbox 1490 1696 1624 1718; x_wconf 90' lang='lat' dir='ltr'>nomen</span> <span class='ocrx_word' id='word_1_209' title='bbox 1641 1690 1675 1718; x_wconf 84' lang='lat' dir='ltr'>et</span> <span class='ocrx_word' id='word_1_210' title='bbox 1691 1684 1905 1731; x_wconf 84' lang='lat' dir='ltr'>dignitatem</span> 
     </span>
     <span class='ocr_line' id='line_1_22' title="bbox 333 1751 1906 1801; baseline -0.004 -7"><span class='ocrx_word' id='word_1_211' title='bbox 333 1759 425 1794; x_wconf 59' lang='lat' dir='ltr'>dicte</span> <span class='ocrx_word' id='word_1_212' title='bbox 462 1754 679 1792; x_wconf 82' lang='lat' dir='ltr'>cancellarie</span> <span class='ocrx_word' id='word_1_213' title='bbox 715 1753 752 1788; x_wconf 92' lang='lat' dir='ltr'>in</span> <span class='ocrx_word' id='word_1_214' title='bbox 789 1752 886 1788; x_wconf 64' lang='lat' dir='ltr'>difita</span> <span class='ocrx_word' id='word_1_215' title='bbox 919 1751 1070 1787; x_wconf 85' lang='lat' dir='ltr'>ecclesia</span> <span class='ocrx_word' id='word_1_216' title='bbox 1109 1751 1373 1788; x_wconf 69' lang='lat' dir='ltr'>Sanffiandree</span> <span class='ocrx_word' id='word_1_217' title='bbox 1409 1752 1659 1799; x_wconf 81' lang='lat' dir='ltr'>extinguenda</span> <span class='ocrx_word' id='word_1_218' title='bbox 1695 1760 1730 1788; x_wconf 84' lang='lat' dir='ltr'>et</span> <span class='ocrx_word' id='word_1_219' title='bbox 1763 1753 1906 1801; x_wconf 87' lang='lat' dir='ltr'>suppre-</span> 
     </span>
     <span class='ocr_line' id='line_1_23' title="bbox 333 1820 1906 1870; baseline -0.004 -8"><span class='ocrx_word' id='word_1_220' title='bbox 333 1827 467 1862; x_wconf 84' lang='lat' dir='ltr'>menda</span> <span class='ocrx_word' id='word_1_221' title='bbox 493 1825 570 1860; x_wconf 90' lang='lat' dir='ltr'>fore</span> <span class='ocrx_word' id='word_1_222' title='bbox 600 1828 708 1870; x_wconf 85' lang='lat' dir='ltr'>prout</span> <span class='ocrx_word' id='word_1_223' title='bbox 739 1820 991 1869; x_wconf 83' lang='lat' dir='ltr'>supprimimus</span> <span class='ocrx_word' id='word_1_224' title='bbox 1019 1827 1055 1856; x_wconf 84' lang='lat' dir='ltr'>et</span> <span class='ocrx_word' id='word_1_225' title='bbox 1084 1820 1329 1866; x_wconf 69' lang='lat' dir='ltr'>extinguimus</span> <span class='ocrx_word' id='word_1_226' title='bbox 1358 1827 1393 1855; x_wconf 77' lang='lat' dir='ltr'>et</span> <span class='ocrx_word' id='word_1_227' title='bbox 1423 1820 1600 1868; x_wconf 86' lang='lat' dir='ltr'>hospitale</span> <span class='ocrx_word' id='word_1_228' title='bbox 1627 1833 1827 1868; x_wconf 85' lang='lat' dir='ltr'>pauperum</span> <span class='ocrx_word' id='word_1_229' title='bbox 1861 1822 1906 1856; x_wconf 80' lang='lat' dir='ltr'>de</span> 
     </span>
     <span class='ocr_line' id='line_1_24' title="bbox 336 1887 1904 1938; baseline -0.003 -8"><span class='ocrx_word' id='word_1_230' title='bbox 336 1894 453 1929; x_wconf 83' lang='lat' dir='ltr'>Soltre</span> <span class='ocrx_word' id='word_1_231' title='bbox 473 1893 510 1928; x_wconf 92' lang='lat' dir='ltr'>in</span> <span class='ocrx_word' id='word_1_232' title='bbox 528 1892 659 1927; x_wconf 84' lang='lat' dir='ltr'>statum</span> <span class='ocrx_word' id='word_1_233' title='bbox 683 1888 875 1938; x_wconf 86' lang='lat' dir='ltr'>pristinum</span> <span class='ocrx_word' id='word_1_234' title='bbox 904 1889 1153 1923; x_wconf 84' lang='lat' dir='ltr'>reducendum</span> <span class='ocrx_word' id='word_1_235' title='bbox 1182 1888 1259 1923; x_wconf 87' lang='lat' dir='ltr'>fore</span> <span class='ocrx_word' id='word_1_236' title='bbox 1288 1895 1324 1923; x_wconf 83' lang='lat' dir='ltr'>ct</span> <span class='ocrx_word' id='word_1_237' title='bbox 1350 1887 1558 1923; x_wconf 87' lang='lat' dir='ltr'>reducimus</span> <span class='ocrx_word' id='word_1_238' title='bbox 1586 1895 1622 1924; x_wconf 82' lang='lat' dir='ltr'>et</span> <span class='ocrx_word' id='word_1_239' title='bbox 1649 1889 1696 1924; x_wconf 89' lang='lat' dir='ltr'>fic</span> <span class='ocrx_word' id='word_1_240' title='bbox 1715 1890 1904 1925; x_wconf 59' lang='lat' dir='ltr'>redu3u1n</span> 
     </span>
     <span class='ocr_line' id='line_1_25' title="bbox 337 1956 1907 2004; baseline -0.003 -6"><span class='ocrx_word' id='word_1_241' title='bbox 337 1976 417 1998; x_wconf 85' lang='lat' dir='ltr'>cum</span> <span class='ocrx_word' id='word_1_242' title='bbox 438 1961 604 1996; x_wconf 86' lang='lat' dir='ltr'>omnibus</span> <span class='ocrx_word' id='word_1_243' title='bbox 630 1958 769 1994; x_wconf 89' lang='lat' dir='ltr'>iuribus</span> <span class='ocrx_word' id='word_1_244' title='bbox 797 1964 833 1993; x_wconf 88' lang='lat' dir='ltr'>et</span> <span class='ocrx_word' id='word_1_245' title='bbox 856 1957 1097 2004; x_wconf 86' lang='lat' dir='ltr'>pertinenciis</span> <span class='ocrx_word' id='word_1_246' title='bbox 1122 1956 1191 1992; x_wconf 89' lang='lat' dir='ltr'>suis</span> <span class='ocrx_word' id='word_1_247' title='bbox 1211 1956 1366 2004; x_wconf 82' lang='lat' dir='ltr'>collegio</span> <span class='ocrx_word' id='word_1_248' title='bbox 1387 1962 1422 1991; x_wconf 84' lang='lat' dir='ltr'>et</span> <span class='ocrx_word' id='word_1_249' title='bbox 1440 1956 1609 2004; x_wconf 85' lang='lat' dir='ltr'>hospitali</span> <span class='ocrx_word' id='word_1_250' title='bbox 1632 1957 1763 1993; x_wconf 54' lang='lat' dir='ltr'>Sancte</span> <span class='ocrx_word' id='word_1_251' title='bbox 1784 1958 1907 1993; x_wconf 85' lang='lat' dir='ltr'>Trini-</span> 
     </span>
     <span class='ocr_line' id='line_1_26' title="bbox 337 2025 1907 2074; baseline -0.003 -8"><span class='ocrx_word' id='word_1_252' title='bbox 337 2031 421 2066; x_wconf 85' lang='lat' dir='ltr'>tatis</span> <span class='ocrx_word' id='word_1_253' title='bbox 448 2029 594 2065; x_wconf 84' lang='lat' dir='ltr'>nouiter</span> <span class='ocrx_word' id='word_1_254' title='bbox 620 2027 771 2063; x_wconf 86' lang='lat' dir='ltr'>fundato</span> <span class='ocrx_word' id='word_1_255' title='bbox 801 2032 978 2074; x_wconf 87' lang='lat' dir='ltr'>perpetuo</span> <span class='ocrx_word' id='word_1_256' title='bbox 1008 2025 1149 2060; x_wconf 88' lang='lat' dir='ltr'>vnimus</span> <span class='ocrx_word' id='word_1_257' title='bbox 1181 2025 1406 2061; x_wconf 64' lang='lat' dir='ltr'>annectimus</span> <span class='ocrx_word' id='word_1_258' title='bbox 1433 2031 1470 2060; x_wconf 83' lang='lat' dir='ltr'>et</span> <span class='ocrx_word' id='word_1_259' title='bbox 1496 2025 1772 2073; x_wconf 84' lang='lat' dir='ltr'>incorporamus</span> <span class='ocrx_word' id='word_1_260' title='bbox 1802 2027 1907 2062; x_wconf 84' lang='lat' dir='ltr'>alias-</span> 
     </span>
     <span class='ocr_line' id='line_1_27' title="bbox 340 2093 1906 2146; baseline -0.003 -12"><span class='ocrx_word' id='word_1_261' title='bbox 340 2112 408 2146; x_wconf 87' lang='lat' dir='ltr'>que</span> <span class='ocrx_word' id='word_1_262' title='bbox 434 2099 473 2133; x_wconf 90' lang='lat' dir='ltr'>in</span> <span class='ocrx_word' id='word_1_263' title='bbox 500 2095 676 2145; x_wconf 87' lang='lat' dir='ltr'>premiffis</span> <span class='ocrx_word' id='word_1_264' title='bbox 704 2102 739 2131; x_wconf 87' lang='lat' dir='ltr'>et</span> <span class='ocrx_word' id='word_1_265' title='bbox 766 2107 891 2129; x_wconf 88' lang='lat' dir='ltr'>eorum</span> <span class='ocrx_word' id='word_1_266' title='bbox 921 2093 1209 2129; x_wconf 88' lang='lat' dir='ltr'>circumstanciis</span> <span class='ocrx_word' id='word_1_267' title='bbox 1240 2093 1507 2141; x_wconf 89' lang='lat' dir='ltr'>prouidendum</span> <span class='ocrx_word' id='word_1_268' title='bbox 1539 2094 1618 2128; x_wconf 84' lang='lat' dir='ltr'>fore</span> <span class='ocrx_word' id='word_1_269' title='bbox 1649 2094 1879 2131; x_wconf 85' lang='lat' dir='ltr'>decernimus</span> <span class='ocrx_word' id='word_1_270' title='bbox 1899 2117 1906 2123; x_wconf 89' lang='lat'><strong>·</strong></span> 
     </span>
     <span class='ocr_line' id='line_1_28' title="bbox 339 2161 1908 2212; baseline -0.003 -9"><span class='ocrx_word' id='word_1_271' title='bbox 339 2167 450 2203; x_wconf 64' lang='lat' dir='ltr'>Lefta</span> <span class='ocrx_word' id='word_1_272' title='bbox 479 2166 554 2201; x_wconf 81' lang='lat' dir='ltr'>lata</span> <span class='ocrx_word' id='word_1_273' title='bbox 584 2171 620 2200; x_wconf 86' lang='lat' dir='ltr'>et</span> <span class='ocrx_word' id='word_1_274' title='bbox 650 2163 880 2212; x_wconf 83' lang='lat' dir='ltr'>promulgata</span> <span class='ocrx_word' id='word_1_275' title='bbox 906 2162 975 2197; x_wconf 78' lang='lat' dir='ltr'>fuit</span> <span class='ocrx_word' id='word_1_276' title='bbox 1005 2161 1073 2197; x_wconf 87' lang='lat' dir='ltr'>hec</span> <span class='ocrx_word' id='word_1_277' title='bbox 1104 2161 1228 2197; x_wconf 88' lang='lat' dir='ltr'>nostra</span> <span class='ocrx_word' id='word_1_278' title='bbox 1254 2161 1441 2197; x_wconf 84' lang='lat' dir='ltr'>sentencia</span> <span class='ocrx_word' id='word_1_279' title='bbox 1468 2161 1661 2197; x_wconf 82' lang='lat' dir='ltr'>diffinitiua</span> <span class='ocrx_word' id='word_1_280' title='bbox 1686 2162 1723 2197; x_wconf 88' lang='lat' dir='ltr'>in</span> <span class='ocrx_word' id='word_1_281' title='bbox 1757 2163 1908 2199; x_wconf 81' lang='lat' dir='ltr'>ecelesia</span> 
     </span>
     <span class='ocr_line' id='line_1_29' title="bbox 340 2222 1908 2282; baseline -0.003 -12"><span class='ocrx_word' id='word_1_282' title='bbox 340 2233 540 2282; x_wconf 86' lang='lat' dir='ltr'>parochiali</span> <span class='ocrx_word' id='word_1_283' title='bbox 571 2232 675 2268; x_wconf 85' lang='lat' dir='ltr'>Beati</span> <span class='ocrx_word' id='word_1_284' title='bbox 709 2230 902 2266; x_wconf 84' lang='lat' dir='ltr'>Michaelis</span> <span class='ocrx_word' id='word_1_285' title='bbox 934 2231 979 2265; x_wconf 88' lang='lat' dir='ltr'>de</span> <span class='ocrx_word' id='word_1_286' title='bbox 1006 2230 1206 2277; x_wconf 84' lang='lat' dir='ltr'>Linlithqw</span> <span class='ocrx_word' id='word_1_287' title='bbox 1241 2222 1501 2266; x_wconf 60' lang='lat' dir='ltr'>Sanfitiandree</span> <span class='ocrx_word' id='word_1_288' title='bbox 1534 2229 1685 2265; x_wconf 87' lang='lat' dir='ltr'>diocesis</span> <span class='ocrx_word' id='word_1_289' title='bbox 1716 2230 1815 2265; x_wconf 84' lang='lat' dir='ltr'>sexto</span> <span class='ocrx_word' id='word_1_290' title='bbox 1849 2232 1908 2266; x_wconf 86' lang='lat' dir='ltr'>die</span> 
     </span>
     <span class='ocr_line' id='line_1_30' title="bbox 343 2298 1908 2346; baseline -0.001 -9"><span class='ocrx_word' id='word_1_291' title='bbox 343 2302 472 2338; x_wconf 85' lang='lat' dir='ltr'>mensis</span> <span class='ocrx_word' id='word_1_292' title='bbox 500 2301 633 2336; x_wconf 89' lang='lat' dir='ltr'>Marcii</span> <span class='ocrx_word' id='word_1_293' title='bbox 661 2313 757 2335; x_wconf 87' lang='lat' dir='ltr'>anno</span> <span class='ocrx_word' id='word_1_294' title='bbox 781 2299 932 2334; x_wconf 89' lang='lat' dir='ltr'>Domini</span> <span class='ocrx_word' id='word_1_295' title='bbox 958 2299 1148 2334; x_wconf 84' lang='lat' dir='ltr'>millesimo</span> <span class='ocrx_word' id='word_1_296' title='bbox 1176 2298 1534 2346; x_wconf 82' lang='lat' dir='ltr'>quadringentesimo</span> <span class='ocrx_word' id='word_1_297' title='bbox 1553 2299 1772 2346; x_wconf 77' lang='lat' dir='ltr'>sexagesimo</span> <span class='ocrx_word' id='word_1_298' title='bbox 1791 2300 1908 2346; x_wconf 88' lang='lat' dir='ltr'>primo</span> 
     </span>
     <span class='ocr_line' id='line_1_31' title="bbox 344 2365 1908 2414; baseline -0.001 -10"><span class='ocrx_word' id='word_1_299' title='bbox 344 2369 549 2405; x_wconf 85' lang='lat' dir='ltr'>indiccione</span> <span class='ocrx_word' id='word_1_300' title='bbox 569 2368 712 2404; x_wconf 86' lang='lat' dir='ltr'>decima</span> <span class='ocrx_word' id='word_1_301' title='bbox 737 2367 971 2414; x_wconf 82' lang='lat' dir='ltr'>pontificatus</span> <span class='ocrx_word' id='word_1_302' title='bbox 992 2366 1194 2402; x_wconf 67' lang='lat' dir='ltr'>sanfflffimi</span> <span class='ocrx_word' id='word_1_303' title='bbox 1222 2367 1257 2401; x_wconf 89' lang='lat' dir='ltr'>in</span> <span class='ocrx_word' id='word_1_304' title='bbox 1279 2365 1420 2401; x_wconf 88' lang='lat' dir='ltr'>Christo</span> <span class='ocrx_word' id='word_1_305' title='bbox 1447 2365 1561 2413; x_wconf 87' lang='lat' dir='ltr'>patris</span> <span class='ocrx_word' id='word_1_306' title='bbox 1585 2372 1620 2401; x_wconf 84' lang='lat' dir='ltr'>et</span> <span class='ocrx_word' id='word_1_307' title='bbox 1639 2366 1774 2402; x_wconf 90' lang='lat' dir='ltr'>domini</span> <span class='ocrx_word' id='word_1_308' title='bbox 1794 2368 1908 2403; x_wconf 90' lang='lat' dir='ltr'>nostri</span> 
     </span>
    </p>
   </div>
   <div class='ocr_carea' id='block_1_3' title="bbox 347 2434 1907 2482">
    <p class='ocr_par' dir='ltr' id='par_1_3' title="bbox 347 2434 1907 2482">
     <span class='ocr_line' id='line_1_32' title="bbox 347 2434 1907 2482; baseline 0 -10"><span class='ocrx_word' id='word_1_309' title='bbox 347 2437 482 2473; x_wconf 87' lang='lat' dir='ltr'>domini</span> <span class='ocrx_word' id='word_1_310' title='bbox 498 2436 553 2471; x_wconf 88' lang='lat' dir='ltr'>Pii</span> <span class='ocrx_word' id='word_1_311' title='bbox 570 2436 696 2471; x_wconf 83' lang='lat' dir='ltr'>diuina</span> <span class='ocrx_word' id='word_1_312' title='bbox 711 2435 952 2482; x_wconf 85' lang='lat' dir='ltr'>prouidencia</span> <span class='ocrx_word' id='word_1_313' title='bbox 966 2448 1058 2482; x_wconf 89' lang='lat' dir='ltr'>pape</span> <span class='ocrx_word' id='word_1_314' title='bbox 1077 2435 1225 2471; x_wconf 82' lang='lat' dir='ltr'>secundi</span> <span class='ocrx_word' id='word_1_315' title='bbox 1245 2435 1395 2482; x_wconf 66' lang='lat' dir='ltr'>prediffi</span> <span class='ocrx_word' id='word_1_316' title='bbox 1416 2447 1512 2470; x_wconf 90' lang='lat' dir='ltr'>anno</span> <span class='ocrx_word' id='word_1_317' title='bbox 1527 2440 1658 2482; x_wconf 87' lang='lat' dir='ltr'>quarto</span> <span class='ocrx_word' id='word_1_318' title='bbox 1672 2454 1679 2462; x_wconf 91' lang='lat'><strong>·</strong></span> <span class='ocrx_word' id='word_1_319' title='bbox 1693 2434 1735 2470; x_wconf 91' lang='lat' dir='ltr'>In</span> <span class='ocrx_word' id='word_1_320' title='bbox 1754 2448 1907 2482; x_wconf 87' lang='lat' dir='ltr'>quorum</span> 
     </span>
    </p>
   </div>
  </div>
 </body>
</html>
