2147 2964
303 310 383 345 cxiv
944 304 1232 341 APPENDIX.

303 407 456 450 comperit
481 411 518 440 ut
547 406 670 438 illibata
699 404 869 446 persistant
897 403 1072 445 Apostolici
1102 403 1224 446 adjiciit
1253 403 1441 435 muniminis
1469 403 1653 436 firmitatem
1687 403 1768 436 Sane
1794 404 1875 436 sicut

303 462 481 494 carissimus
496 462 530 493 in
543 460 670 493 Christo
685 460 769 491 filius
784 462 888 491 noster
900 459 1040 491 Jacobus
1055 459 1221 492 Scotorum
1234 459 1304 491 Rex
1326 459 1458 491 illustris
1480 459 1570 492 nobis
1590 459 1739 492 intimare
1754 460 1876 492 curavit

302 518 422 549 dudum
439 516 626 549 venerabilis
647 515 744 547 frater
759 517 863 547 noster
878 514 1018 547 Jacobus
1040 515 1216 557 Episcopus
1239 515 1348 547 Sancti
1365 515 1490 547 Andree
1505 515 1544 546 ad
1569 515 1751 556 petitionem
1775 519 1807 547 et
1828 515 1875 546 in-

302 573 451 605 stantiam
482 572 587 604 dilecti
618 571 677 603 filii
707 570 820 602 nobilis
846 570 904 601 viri
932 570 1097 602 Guillelmi
1127 571 1166 602 de
1200 570 1355 603 Crechton
1385 570 1506 602 domini
1535 571 1717 613 temporalis
1746 570 1807 602 loci
1837 570 1875 602 de

303 628 459 661 Crechton
476 627 584 660 Sancti
599 627 726 658 Andree
741 625 871 657 diocesis
886 626 991 668 Regni
1014 625 1116 658 Scotie
1131 625 1308 658 cancellarii
1330 625 1486 668 cupientis
1509 630 1631 658 terrena
1654 626 1686 657 in
1702 626 1829 658 celestia
1844 630 1876 658 et

302 684 482 716 transitoria
504 683 537 715 in
560 687 666 715 eterna
687 681 770 713 felici
792 681 979 714 commercio
1003 686 1199 713 commutare
1221 692 1257 713 ac
1283 692 1339 723 pro
1361 681 1620 723 augmentatione
1645 679 1744 712 divini
1770 681 1876 713 cultus

302 739 529 782 parrochialem
544 737 706 769 ecclesiam
723 737 799 769 dicti
815 736 875 769 loci
891 737 929 768 de
945 736 1102 769 Crechton
1124 748 1185 779 que
1205 737 1244 769 de
1262 737 1333 778 jure
1348 739 1533 779 patronatus
1549 737 1688 777 ejusdem
1705 735 1874 769 Wilhelmi

301 795 455 827 existebat
470 794 564 826 etiam
582 794 621 825 de
643 793 830 825 dilectorum
852 791 990 824 filiorum
1013 792 1127 824 nobilis
1149 792 1209 824 viri
1231 792 1345 824 Jacobi
1367 792 1406 824 de
1421 791 1577 824 Crechton
1601 792 1711 823 militis
1733 791 1875 834 ejusdem

301 849 469 882 wilhelmi
484 849 542 881 filii
558 853 590 881 et
605 848 728 880 heredis
743 858 863 880 necnon
882 847 1000 879 Prioris
1022 849 1053 879 et
1073 847 1204 889 capituli
1227 848 1354 880 ecclesie
1370 847 1477 880 Sancti
1492 848 1620 880 Andree
1635 847 1753 880 ordinis
1769 848 1875 880 Sancti

302 905 474 948 Augustini
497 915 642 946 expresso
664 914 817 936 consensu
839 904 873 935 in
896 902 1105 945 Collegiatam
1128 903 1289 935 ecclesiam
1312 903 1412 935 erexit
1426 914 1462 935 ac
1485 903 1518 934 in
1541 903 1596 934 illa
1619 914 1716 935 unam
1739 904 1876 945 preposi-

303 967 407 994 turam
437 971 498 1002 que
527 960 666 1002 dignitas
696 958 900 1002 parrochialis
936 958 1016 990 inibi
1053 959 1161 991 existit
1197 969 1319 990 necnon
1353 962 1422 991 octo
1459 969 1515 1001 pro
1549 959 1681 991 totidem
1719 959 1877 991 canonicis

301 1017 475 1060 capitulum
499 1016 687 1048 facientibus
710 1019 742 1047 et
764 1015 842 1047 duos
863 1026 919 1057 pro
942 1015 1065 1046 duobus
1088 1014 1193 1056 pueris
1218 1014 1252 1045 in
1278 1014 1348 1056 ipsa
1373 1014 1501 1046 ecclesia
1526 1018 1676 1056 perpetuo
1702 1015 1760 1046 sub
1785 1014 1877 1046 certis

301 1072 534 1105 conditionibus
563 1071 672 1103 formis
705 1077 737 1103 et
773 1069 1062 1102 modificationibus
1098 1069 1300 1101 famulaturis
1337 1069 1539 1102 canonicatus
1572 1075 1603 1102 et
1636 1070 1811 1111 prebendas
1841 1082 1877 1102 ac

301 1139 397 1160 unam
420 1131 606 1170 perpetuam
621 1126 771 1158 vicariam
795 1126 845 1158 cui
868 1136 944 1157 cura
966 1125 1145 1157 animarum
1168 1125 1459 1167 parrocchianorum
1484 1125 1570 1157 illius
1593 1125 1758 1157 immineat
1778 1126 1877 1157 erexit

300 1188 331 1216 et
358 1184 499 1215 instituit
525 1182 769 1224 parroechialem
796 1192 920 1223 quoque
943 1179 1105 1213 ecclesiam
1130 1181 1169 1212 de
1193 1180 1395 1213 Lochorwart
1417 1181 1500 1213 dicte
1524 1181 1653 1213 diocesis
1679 1181 1777 1222 ipsius
1800 1186 1876 1213 tunc

300 1240 426 1272 rectoris
441 1238 608 1271 accedente
620 1248 773 1270 consensu
785 1248 858 1269 cum
871 1236 1019 1268 omnibus
1030 1235 1157 1278 juribus
1173 1239 1205 1268 et
1217 1236 1415 1278 pertinentiis
1427 1236 1492 1268 suis
1503 1236 1585 1268 dicte
1599 1236 1769 1278 Collegiate
1782 1236 1877 1268 eccle·

301 1295 344 1326 sie
360 1294 463 1326 univit
479 1293 650 1325 annexavit
666 1295 697 1325 et
712 1292 922 1334 incorporavit
944 1296 976 1323 et
998 1291 1031 1322 in
1053 1291 1122 1333 ipsa
1143 1291 1272 1323 ecclesia.
1290 1291 1329 1323 de
1345 1291 1545 1324 Lochorwart
1567 1302 1667 1323 unum
1689 1297 1876 1333 perpetuum

301 1350 465 1382 Vicarium
482 1349 537 1391 qui
553 1360 661 1381 curam
685 1348 865 1380 animarum
888 1346 1184 1389 parroechianorum
1206 1345 1293 1378 illius
1315 1356 1421 1387 gerere
1443 1350 1475 1377 et
1497 1357 1638 1378 exercere
1661 1346 1773 1378 debeat
1787 1346 1877 1378 insti-

301 1405 363 1437 tuit
386 1416 421 1437 ac
439 1404 493 1446 jus
516 1407 701 1446 patronatus
731 1402 925 1444 prepositure
956 1412 1078 1434 necnon
1108 1401 1352 1433 canonicatuum
1382 1404 1414 1433 et
1444 1402 1674 1443 prebendarum
1700 1413 1737 1433 ac
1763 1402 1878 1434 vicarie

302 1460 512 1503 predictorum
523 1463 554 1492 et
567 1458 769 1501 presentandi
784 1469 931 1500 personas
946 1457 1083 1499 ydoneas
1098 1457 1139 1489 ad
1154 1456 1225 1489 illos
1236 1457 1382 1499 quotiens
1392 1457 1480 1489 locus
1492 1457 1691 1489 vacationum
1705 1462 1878 1490 occurreret

301 1517 457 1559 Episcopo
481 1516 588 1548 Sancti
610 1514 738 1546 Andree
762 1525 817 1556 pro
840 1518 981 1555 tempore
1003 1512 1152 1545 existenti
1173 1511 1277 1544 eidem
1300 1513 1476 1544 Wilhelmo
1501 1524 1537 1545 ac
1564 1513 1792 1545 successoribus
1813 1514 1877 1546 suis

300 1572 469 1604 reservavit
485 1572 612 1613 ipseque
629 1570 824 1602 Wilhelmus
840 1569 878 1601 de
895 1568 983 1601 bonis
999 1579 1018 1600 a
1033 1568 1100 1600 Deo
1123 1568 1182 1600 sibi
1205 1567 1327 1600 collatis
1343 1568 1460 1600 dictam
1483 1568 1643 1600 ecclesiam
1668 1569 1877 1611 Collegiatam

301 1628 429 1669 ejusque
452 1627 604 1658 fabricam
630 1636 667 1658 ac
689 1624 920 1667 preposituram
947 1623 1150 1655 canonicatus
1181 1626 1212 1655 et
1241 1623 1414 1665 prebendas
1439 1634 1561 1655 necnon
1591 1624 1741 1655 vicariam
1767 1624 1876 1666 hujus-

302 1683 386 1715 modi
409 1682 599 1714 sufficienter
625 1681 756 1721 dotavit,
787 1684 818 1712 et
843 1679 1063 1711 fundationem
1090 1678 1274 1720 primariam
1304 1678 1451 1710 nobiliter
1478 1679 1697 1720 augmentavit
1723 1684 1816 1721 prout
1842 1680 1875 1711 in

302 1739 490 1781 quibusdam
512 1737 626 1769 litteris
648 1735 816 1768 autenticis
839 1736 972 1776 desuper
990 1734 1140 1766 confectis
1163 1733 1275 1776 sigillis
1290 1731 1404 1766 Jacobi
1427 1733 1577 1776 Episcopi
1599 1738 1632 1766 et
1647 1735 1789 1776 Capituli
1805 1746 1876 1767 nec-

303 1805 364 1826 non
381 1793 547 1825 Wilhelmi
570 1795 602 1824 et
624 1791 736 1824 Jacobi
763 1790 886 1822 heredis
909 1789 1121 1831 predictorum
1146 1789 1262 1821 dicitur
1284 1789 1397 1831 plenus
1412 1789 1564 1822 contineri
1588 1789 1691 1829 Quare
1713 1801 1770 1832 pro
1786 1795 1876 1832 parte

303 1850 377 1882 dicti
390 1849 502 1881 Jacobi
518 1848 613 1889 Regis
628 1847 668 1879 ad
684 1847 785 1889 ipsam
802 1845 1009 1887 Collegiatam
1026 1844 1188 1876 ecclesiam
1210 1845 1403 1886 singularem
1418 1845 1618 1877 devotionem
1633 1846 1770 1887 gerentis
1785 1846 1875 1878 nobis

303 1906 364 1936 fuit
380 1905 542 1937 humiliter
564 1903 779 1945 supplicatum
802 1906 838 1933 ut
860 1901 1009 1933 erectioni
1033 1900 1183 1932 creationi
1206 1900 1459 1932 institutionibus
1474 1901 1585 1932 unioni
1600 1901 1805 1933 annexat-ioni
1826 1902 1876 1933 in-

302 1960 508 2002 corporationi
535 1958 735 1991 reservationi
761 1957 917 1990 dotationi
947 1961 979 1988 et
1004 1956 1256 1997 augmentationi
1282 1955 1429 1997 predictis
1455 1966 1512 1997 pro
1538 1966 1648 1988 earum
1674 1957 1876 1989 subsistentia

303 2016 433 2048 firmiori
455 2016 550 2047 robur
569 2013 749 2056 Apostolice
771 2011 1019 2044 confirmationis
1034 2011 1167 2053 adjicere
1190 2012 1228 2043 de
1250 2011 1445 2053 benignitate
1466 2011 1650 2053 Apostolica
1672 2012 1876 2054 dignaremur

304 2071 369 2102 Nos
384 2071 481 2112 igitur
496 2070 550 2112 qui
566 2070 689 2102 cultum
712 2068 888 2110 predictum
903 2067 1012 2109 augeri
1035 2067 1148 2099 nostris
1170 2067 1331 2108 potissime
1351 2066 1546 2108 temporibus
1568 2068 1700 2099 intensis
1715 2067 1876 2100 desideriis

303 2126 485 2158 affectamur
501 2126 539 2157 de
555 2124 711 2166 premissis
728 2129 834 2156 tamen
849 2126 966 2155 certam
982 2122 1128 2155 notitiam
1151 2133 1214 2154 non
1229 2122 1381 2154 habentes
1396 2122 1578 2164 hujusmodi
1593 2122 1875 2164 supplicationibus

306 2181 447 2213 inclinati
463 2180 646 2222 paternitati
662 2184 715 2212 tue
732 2191 786 2221 per
798 2179 980 2221 Apostolica
1002 2178 1119 2220 scripta
1141 2178 1331 2209 mandamus
1345 2177 1495 2220 quatinus
1510 2176 1549 2209 de
1563 2177 1712 2219 predictis
1727 2178 1874 2210 omnibus

305 2240 336 2267 et
355 2236 486 2277 singulis
508 2246 679 2277 eorumque
701 2234 949 2267 circumstanciis
971 2233 1123 2265 universis
1145 2233 1332 2265 auctoritate
1354 2236 1461 2265 nostra
1483 2236 1514 2264 te
1537 2231 1703 2274 diligenter
1726 2233 1875 2265 informes

305 2295 337 2322 et
360 2291 386 2322 si
410 2301 464 2332 per
490 2290 743 2322 informationem
772 2289 955 2331 hujusmodi
985 2289 1030 2320 ita
1056 2299 1121 2322 esse
1146 2288 1295 2330 repereris
1324 2299 1417 2330 super
1446 2298 1508 2329 quo
1537 2292 1626 2319 tuam
1650 2287 1872 2320 conscientiam

305 2356 469 2377 oneramus
484 2345 670 2377 erectionem
689 2345 879 2377 creationem
900 2344 1131 2376 institutionem
1155 2344 1305 2375 unionem
1327 2342 1569 2375 annexationem
1592 2341 1871 2384 incorporationem

307 2399 544 2431 reservationem
569 2400 761 2432 dotationem
789 2404 821 2432 et
850 2398 1140 2441 augmentationem
1171 2398 1309 2440 prefatas
1343 2408 1463 2429 necnon
1493 2401 1587 2438 prout
1608 2407 1660 2429 eas
1680 2403 1872 2431 concernunt

307 2454 412 2486 omnia
427 2458 458 2486 et
474 2454 597 2495 singula
612 2454 645 2485 in
660 2453 751 2486 dictis
774 2453 886 2486 litteris
909 2457 1057 2486 contenta
1071 2458 1104 2486 et
1121 2463 1320 2495 quocumque
1343 2453 1416 2484 inde
1431 2456 1538 2485 secuta
1553 2452 1661 2484 eadem
1684 2453 1872 2486 auctoritate
