2147 2964
231 439 298 471 184

221 1607 288 1641 185

366 275 437 307 208
676 271 994 309 REGISTRUM
1020 271 1275 309 ECCLESIE
1304 272 1646 310 COLLEGIATE

363 423 538 475 Dsscnuo
570 439 700 474 octauo
732 439 792 475 die
824 439 954 475 mensis
984 439 1075 476 Julii
1112 452 1209 476 anno
1241 439 1393 476 Domini
1428 440 1617 476 millesimo
1649 440 1939 490 quingentesimo

364 506 536 554 vigesimo
555 507 654 543 sexto
674 527 681 534 ·
702 506 786 550 Quo
806 507 866 543 die
894 513 1123 556 compertum
1151 507 1202 543 est
1225 520 1292 556 per
1310 509 1556 545 venerabilem
1580 509 1700 545 virum
1727 510 1937 558 magistrum

361 576 572 613 ‘Iohannem
608 576 798 626 Dingwall
833 577 926 613 sedis
962 577 1159 626 apostolice
1202 577 1524 625 prothonotarium
1559 577 1710 614 ecclesie
1746 579 1938 627 collegiate

364 644 591 681 Sanffiffime
619 645 815 682 Trinitatis
841 659 957 694 prope
984 645 1204 693 Edinburgh
1234 645 1454 694 prepositum
1486 652 1522 683 et
1549 646 1749 694 capitulum
1779 646 1938 683 eiusdem

362 714 615 761 capitulariter
642 720 885 762 congregatos
913 715 1011 762 quod
1038 715 1207 750 dominus
1233 714 1397 750 Jacobus
1418 715 1596 752 Watsoun
1624 716 1716 752 diae
1745 715 1937 764 collegiate

361 782 511 818 ecclesie
531 782 742 830 capellanus
762 783 951 819 dominum
964 783 1219 819 Alexandrum
1233 782 1412 819 Tallifere
1431 783 1589 819 eiusdem
1610 783 1804 831 collegiate
1819 784 1935 820 eccle-

362 850 410 886 sie
424 851 710 898 prebendarium
727 851 924 887 verbaliter
939 851 1130 887 iniuriauit
1143 877 1150 884 .
1165 851 1290 894 Quare
1305 853 1502 889 mandatur
1516 853 1612 888 dicto
1628 853 1776 889 domino
1791 853 1817 889 J
1819 854 1934 889 acobo

362 927 398 956 vt
419 920 563 956 veniam
582 932 649 968 pro
664 919 870 955 huiusmodi
889 919 1022 956 iniuria
1040 920 1109 956 hac
1124 920 1204 957 vice
1223 921 1412 957 humiliter
1425 927 1528 970 petat
1542 927 1578 957 et
1597 922 1695 969 quod
1713 922 1752 957 in
1771 922 1933 958 futurum

361 1003 382 1024 a
410 988 585 1024 similibus
610 989 729 1024 verbis
756 994 792 1025 et
819 988 922 1024 factis
948 994 1077 1024 contra
1104 989 1397 1037 qualemcunque
1432 990 1622 1038 personam
1655 989 1933 1026 ecelesiasticam

359 1058 419 1094 seu
439 1057 637 1093 secularem
664 1057 806 1105 prefate
834 1056 1028 1105 collegiate
1056 1057 1205 1094 ecclesie
1233 1064 1294 1094 aut
1323 1058 1467 1106 collegii
1490 1058 1650 1094 eiusdem
1669 1058 1849 1094 abstineat
1869 1058 1932 1095 sub

358 1139 452 1174 pena
478 1139 524 1162 xx
552 1126 748 1162 solidorum
775 1126 913 1162 fabrice
942 1126 1038 1161 dieze
1065 1126 1216 1161 ecclesie
1248 1126 1441 1173 collegiate
1473 1127 1606 1173 absque
1635 1126 1840 1162 remissione
1867 1139 1933 1174 per

357 1195 514 1231 eundem
534 1195 720 1230 dominum
740 1194 922 1230 Jacobum
945 1194 1202 1229 soluendorum
1222 1214 1229 1222 ·
1250 1200 1286 1230 et
1304 1194 1329 1229 si
1349 1194 1465 1229 tercio
1484 1194 1675 1241 delinquat
1693 1195 1739 1230 de
1759 1194 1932 1230 consensu

358 1264 582 1311 prefatorum
601 1263 775 1311 prepositi
794 1268 830 1298 et
849 1262 996 1310 collegii
1016 1263 1061 1298 de
1080 1262 1287 1297 huiusmodi
1314 1261 1471 1310 collegio
1489 1262 1714 1298 resecabitur
1733 1268 1768 1298 et
1787 1275 1931 1299 amoue-

355 1332 454 1368 bitur
474 1338 509 1368 et
528 1332 619 1367 alius
638 1332 719 1367 loco
739 1332 800 1367 suo
818 1331 1027 1379 imponatur
1047 1336 1082 1367 et
1101 1330 1325 1366 instituatur.

1215 1398 1458 1436 XVILLELMUS
1479 1398 1683 1436 MELDRUM
1702 1399 1879 1436 notarius.

355 1589 490 1642 APUD
510 1603 705 1652 collegium
727 1603 952 1640 Sanctiffime
973 1603 1170 1640 Trinitatis
1196 1617 1309 1653 prope
1329 1604 1549 1653 Edinburgh
1571 1604 1833 1642 Sanstiandree
1852 1605 1929 1641 dio-

355 1673 443 1709 cesis
462 1673 590 1720 quinto
609 1673 670 1708 die
690 1672 821 1708 mensis
841 1673 1000 1721 Augusti
1027 1685 1124 1708 anno
1148 1673 1287 1709 domini
1314 1673 1501 1709 millesimo
1521 1673 1811 1722 quingentesimo
1830 1674 1927 1722 vige-

353 1741 440 1776 simo
462 1740 612 1790 septimo
631 1761 638 1768 ·
659 1740 743 1784 Quo
763 1741 822 1777 die
849 1741 1019 1777 dominus
1037 1741 1201 1777 Michael
1219 1741 1356 1777 Disard
1382 1741 1530 1778 sacrista
1557 1742 1750 1790 collegiate
1778 1742 1927 1778 ecclesie

356 1810 485 1845 sanae
505 1809 701 1845 Trinitatis
728 1822 843 1857 prope
870 1809 1089 1858 Edinburgh
1117 1809 1379 1845 Sanffiandree
1401 1809 1552 1845 diocesis
1570 1809 1732 1858 legitime
1751 1815 1787 1846 et
1804 1809 1927 1846 litera-

352 1878 445 1913 torie
473 1878 606 1914 citatus
635 1878 673 1913 in
702 1878 864 1925 capitulo
893 1878 978 1914 ᾱίθεὶ
1010 1878 1157 1926 collegii
1189 1890 1309 1913 coram
1341 1878 1546 1914 reuerendo
1575 1878 1724 1914 domino
1754 1878 1926 1926 magistro

352 1946 375 1981 J
381 1946 525 1982 ohanne
543 1945 733 1994 Dingwall
752 1946 844 1982 sedis
862 1946 1059 1994 apostolice
1086 1946 1366 1994 prothonotario
1393 1947 1536 1994 prefate
1564 1947 1757 1995 collegiate
1776 1946 1925 1983 ecclesie

350 2014 532 2061 preposito
562 2027 605 2050 ae
634 2014 887 2062 prebendariis
919 2015 1079 2051 eiusdem
1110 2015 1317 2063 subscriptis
1348 2015 1552 2064 comparuit
1582 2016 1629 2052 ad
1661 2016 1858 2052 videndum
1889 2022 1925 2052 et

351 2083 574 2118 audiendum
593 2083 628 2118 se
647 2083 907 2119 fundacionem
935 2090 971 2120 et
999 2084 1132 2120 statuta
1159 2084 1251 2120 diae
1279 2083 1472 2132 collegiate
1499 2084 1649 2120 ecclesie
1668 2084 1817 2121 diuersis
1837 2085 1922 2120 vici-

350 2152 415 2185 bus
434 2150 577 2199 fregisse
597 2157 633 2188 et
652 2150 798 2188 violasse
818 2164 861 2187 ac
887 2164 955 2199 pro
981 2151 1186 2188 huiusmodi
1213 2152 1411 2188 secundum
1438 2153 1529 2188 iuris
1556 2153 1782 2201 exigenciam
1811 2154 1922 2189 dicto-

351 2231 505 2266 rumque
533 2219 765 2255 fundacionis
793 2225 829 2256 et
855 2219 1074 2256 statutorum
1101 2226 1247 2257 tenores
1273 2221 1397 2268 puniri
1423 2222 1663 2269 pronunciari
1688 2227 1724 2258 et
1742 2221 1921 2258 declarari

352 2287 409 2321 vel
428 2288 474 2322 ad
493 2287 726 2336 allegandum
746 2290 889 2325 causam
908 2289 967 2325 vel
987 2290 1111 2325 causas
1137 2289 1399 2325 racionabilem
1426 2290 1487 2325 seu
1505 2289 1747 2325 racionabiles
1766 2288 1791 2325 fi
1811 2303 1918 2337 quam

353 2354 409 2388 vel
445 2367 534 2401 quas
568 2355 696 2392 habuit
732 2369 845 2404 quare
880 2357 919 2393 id
951 2357 1101 2393 minime
1136 2358 1215 2394 fieri
1250 2358 1408 2394 debeat·
1428 2357 1696 2405 Quemquidem
1731 2357 1918 2394 dominum

353 2421 572 2458 Michaeleni
603 2429 690 2460 tunc
719 2425 924 2473 presentem
957 2426 1074 2462 ᾶίὅὶιιε
1105 2426 1306 2474 prepositus
1338 2426 1383 2462 de
1412 2426 1586 2462 consensu
1616 2425 1851 2462 auifiamento
1882 2433 1918 2463 et
