2147 2964
744 290 932 328 DOMUS
960 290 1027 326 DE
1056 290 1270 327 SOLTRE.
1742 293 1784 324 21

221 474 334 511 Carta
353 475 527 510 Duncani
546 475 591 510 de
613 474 877 523 Swaynystoun
899 481 934 511 et
953 474 1111 511 Mariote
1131 475 1256 522 sponse
1276 475 1353 510 eius
1372 478 1415 510 de
1433 476 1559 511 decem
1579 476 1673 511 acris
1693 483 1789 512 terre

219 549 255 578 et
274 543 424 578 dimidia
442 543 614 578 eiusdem.

219 643 425 696 Vniuersis
444 659 564 694 sanae
583 659 708 694 matris
733 659 880 695 eeclefie
899 659 983 694 filiis
1011 660 1238 706 presentibus
1262 666 1298 696 et
1322 660 1452 696 futuris
1472 661 1615 697 clericis
1634 667 1670 697 et
1688 661 1790 697 laicis

217 726 422 762 Duncanus
457 727 502 762 de
539 726 806 775 Swaynystoun
838 733 874 763 et
906 727 1069 763 Mariota
1098 728 1226 774 sponsa
1256 728 1333 764 eius
1365 734 1529 764 eternam
1560 729 1598 764 in
1630 729 1791 764 Domino

216 795 368 831 salutem
387 816 393 823 ·
415 795 576 831 Nouerit
595 796 811 831 vniuerfitas
831 796 950 831 vestra
975 808 1041 831 nos
1064 796 1190 831 diuine
1219 796 1365 843 pietatis
1384 796 1520 832 intuitu
1539 803 1575 832 et
1593 809 1660 844 pro
1679 798 1792 832 salute

217 863 355 899 domini
398 864 496 912 regis
537 864 744 900 Alexandri
780 864 877 912 regis
923 863 1052 900 scocie
1102 869 1138 899 et
1182 863 1342 899 Domine
1377 863 1550 900 Johanne
1594 866 1722 913 regine
1759 873 1793 900 et

216 933 393 969 heredum
419 934 563 969 suorum
600 940 636 969 et
667 934 790 970 nostra
816 933 967 981 propria
1001 932 1115 968 salute
1148 939 1184 968 et
1215 932 1392 968 heredum
1425 933 1633 969 nostrorum
1663 941 1699 970 et
1730 948 1794 983 pro

216 1002 405 1037 animabus
424 1002 562 1038 domini
584 1002 760 1037 Willelmi
787 1002 886 1049 regis
913 1008 949 1037 et
978 1001 1241 1037 anteceflbrum
1270 1002 1415 1037 suorum
1445 1008 1481 1037 et
1509 1015 1576 1049 pro
1606 1004 1794 1039 animabus

216 1077 363 1118 patrum
394 1076 430 1106 et
462 1077 618 1106 matrum
648 1070 855 1105 nostrorum
888 1076 924 1105 et
955 1070 1220 1105 antecessorum
1253 1076 1288 1106 et
1318 1071 1556 1106 suceessorum
1588 1071 1793 1107 nostrorum

217 1138 350 1174 dedisse
370 1138 575 1175 conceffiss‘e
595 1145 631 1174 et
654 1138 724 1173 hac
754 1144 856 1173 carta
884 1138 1009 1174 nostra
1036 1138 1263 1174 confirmasse
1292 1138 1375 1174 Deo
1404 1145 1439 1174 et
1466 1139 1635 1186 hospitali
1665 1139 1795 1176 San8te

219 1207 414 1243 Trinitatis
446 1207 491 1242 de
531 1206 652 1243 Soltre
693 1213 730 1242 et
767 1206 942 1242 fratribus
982 1207 1118 1242 ibidem
1148 1206 1231 1242 Deo
1267 1208 1510 1244 seruientibus
1535 1208 1572 1243 in
1602 1221 1731 1255 puram
1760 1216 1794 1245 et

217 1281 428 1324 perpetuam
457 1275 681 1310 elimosinam
707 1275 746 1309 in
778 1274 966 1310 territorio
1003 1275 1127 1310 nostro
1165 1276 1211 1311 de
1247 1275 1511 1324 Sweynystoun
1541 1277 1667 1312 decem
1693 1290 1795 1313 aeras

219 1351 317 1381 terre
349 1352 384 1380 et
413 1344 604 1380 dimidiam
636 1343 773 1379 scilieet
806 1355 918 1378 vnum
949 1343 1079 1379 toftum
1110 1356 1193 1379 cum
1228 1357 1297 1380 vna
1328 1357 1415 1380 aera
1446 1352 1482 1380 et
1512 1345 1664 1381 dimidia
1694 1346 1796 1382 iuxta

221 1413 429 1461 Qwhytwel
449 1419 485 1448 et
504 1425 635 1447 nouem
656 1425 760 1448 aeras
778 1413 1003 1447 mensuratas
1022 1412 1061 1447 in
1081 1425 1152 1448 vna
1169 1412 1314 1448 cultura
1331 1419 1462 1448 vocata
1477 1413 1607 1449 Halaw
1628 1421 1663 1449 et
1677 1414 1795 1450 Bottis

219 1483 257 1517 in
284 1481 414 1517 boriali
441 1486 546 1528 parte
577 1493 657 1516 cum
685 1486 793 1527 prato
821 1478 910 1514 ficut
927 1479 1276 1527 Alryclouehburne
1302 1480 1479 1516 discendit
1504 1481 1543 1516 in
1564 1481 1692 1517 Galow
1713 1495 1794 1517 eum

222 1550 407 1586 communi
426 1549 573 1597 pastura
592 1555 628 1584 et
647 1549 869 1597 aysiamento
890 1549 936 1583 ad
955 1549 1045 1584 duos
1071 1562 1183 1596 equos
1203 1555 1238 1584 et
1257 1549 1384 1584 decem
1409 1549 1535 1584 aueria
1553 1555 1589 1585 et
1607 1550 1795 1597 sexaginta

221 1631 308 1654 oues
328 1639 335 1646 ·
356 1618 536 1653 Homines
556 1617 671 1653 eciam
698 1617 750 1652 sui
775 1623 965 1652 manentes
992 1616 1030 1652 in
1050 1617 1146 1653 dieta
1165 1617 1251 1652 villa
1276 1617 1599 1654 communicabunt
1623 1618 1660 1652 in
1680 1619 1794 1653 omni—

220 1688 287 1723 bus
312 1687 562 1722 communibus
590 1692 625 1721 et
650 1685 880 1733 aysiamentis
905 1685 1001 1720 diae
1031 1691 1128 1721 terre
1155 1685 1199 1721 de
1228 1684 1492 1733 Swaynystoun
1513 1707 1520 1714 ·
1542 1685 1740 1721 Tenendas
1759 1694 1794 1722 et

221 1756 407 1791 habendas
427 1756 471 1790 de
491 1755 594 1790 nobis
620 1760 656 1790 et
682 1754 878 1789 heredibus
906 1754 1038 1789 nostris
1068 1754 1131 1789 fibi
1163 1760 1198 1790 et
1227 1755 1483 1790 successoribus
1510 1755 1548 1789 in
1576 1755 1729 1790 liberam
1759 1762 1793 1790 et

221 1828 436 1872 perpetuam
462 1822 684 1858 elimosinam
710 1823 801 1858 adeo
831 1822 946 1858 libere
971 1828 1007 1858 et
1032 1823 1154 1869 quiete
1180 1823 1346 1870 plenarie
1371 1824 1515 1871 integre
1535 1829 1570 1858 et
1592 1823 1794 1859 honorifice

223 1893 268 1928 ab
287 1892 386 1927 omni
405 1892 558 1928 seculari
583 1891 737 1927 seruicio
763 1891 1025 1926 consuetudine
1051 1891 1110 1926 vel
1137 1892 1319 1927 demanda
1346 1892 1435 1927 sicut
1462 1891 1584 1938 aliqua
1609 1892 1795 1927 elimosina

225 1961 260 1996 in
280 1973 394 2008 regno
413 1960 542 1996 Scocie
570 1973 611 1996 ex
642 1960 765 2006 aliquo
785 1960 882 1995 dono
909 1959 1019 1995 alicui
1046 1960 1173 1995 abacia
1193 1960 1250 1995 vel
1277 1959 1443 2008 hospitali
1463 1960 1612 1995 liberius
1632 1960 1794 2007 quiecius

223 2028 410 2076 plenarius
442 2034 478 2064 et
508 2028 815 2063 honorificencius
847 2028 955 2063 datur
987 2034 1023 2063 et
1052 2028 1268 2063 conceditur
1289 2047 1296 2056 ·
1316 2028 1396 2063 Nos
1426 2034 1545 2064 autem
1577 2034 1613 2063 et
1641 2028 1794 2064 heredes

224 2096 338 2132 nostri
368 2096 570 2143 predisstam
599 2102 734 2131 terram
766 2096 941 2142 p1·edi&is
972 2096 1145 2131 fratribus
1169 2096 1484 2132 manutenebimus
1517 2103 1553 2132 et
1581 2097 1794 2132 warantiza-

224 2164 342 2199 bimus
368 2171 497 2199 eontra
523 2176 648 2198 omnes
675 2163 840 2198 homines
860 2184 866 2191 ·
887 2163 955 2197 hiis
982 2163 1131 2199 testibus
1159 2164 1307 2199 domino
1327 2164 1515 2200 Willelmo
1543 2165 1588 2200 de
1617 2165 1794 2201 Chelford

226 2231 373 2266 domino
394 2231 654 2266 Bartholomeo
683 2230 798 2266 milite
826 2231 973 2265 domino
993 2230 1118 2266 Dauid
1137 2232 1181 2267 de
1201 2231 1332 2267 Faufid
1351 2231 1522 2279 Edulpho
1541 2233 1586 2268 de
1606 2233 1795 2269 Kakmore

228 2293 433 2329 Laurenoio
465 2295 508 2328 de
539 2292 732 2340 Herryhot
759 2292 928 2339 Philippo
961 2293 1095 2328 clerico
1124 2292 1294 2329 Johanne
1327 2294 1371 2328 de
1401 2293 1579 2330 Chelfurd
1610 2294 1794 2331 Michaele

226 2354 300 2390 filio
319 2355 510 2402 presbiteri
529 2355 697 2391 Gilberto
716 2355 829 2390 fratre
849 2354 925 2390 eius
945 2361 979 2391 et
998 2355 1088 2391 aliis.
