2147 2964
251 1470 306 1504 115.

374 286 417 317 14
832 283 898 320 RE
904 282 1148 320 GISTRUM
1178 283 1481 323 CARTARUM

373 380 567 416 Trinitatis
587 381 631 416 de
659 379 779 417 Soltre
806 387 841 417 et
869 382 1044 419 fratribus
1073 383 1208 420 ibidem
1235 384 1318 420 Deo
1343 384 1584 421 seruientibus
1613 390 1648 420 et
1678 384 1943 433 imperpetuum

370 448 559 484 seruituris
578 461 690 484 vnum
708 449 838 485 toftum
858 455 894 485 et
914 451 1069 486 croftum
1091 452 1283 488 continens
1306 453 1344 488 in
1364 453 1398 488 se
1419 465 1527 489 vnam
1546 465 1668 488 acram
1686 458 1722 488 et
1741 459 1815 488 tres
1833 453 1944 500 pedes

370 517 509 553 scilicet
529 530 575 553 ex
595 516 755 566 opposito
775 518 902 553 domus
922 531 1001 554 mee
1020 519 1058 554 in
1078 519 1167 555 villa
1193 520 1238 556 de
1257 520 1454 569 Langtoun
1479 526 1516 556 et
1540 520 1626 556 alibi
1643 521 1750 568 super
1769 520 1945 568 Milnerig

369 598 458 633 erga
476 586 655 621 orientem
675 586 765 621 duas
785 599 889 622 acras
908 587 1132 623 mensuratas
1152 594 1187 624 et
1207 595 1364 635 quatuor
1381 590 1493 638 pedes
1510 611 1517 618 ·
1537 589 1735 625 Tenendas
1755 595 1791 624 et
1809 589 1944 625 haben-

369 655 433 690 das
452 654 719 702 imperpetuum
739 655 784 690 de
803 667 861 690 me
887 661 923 691 et
946 655 1143 692 heredibus
1170 657 1260 692 meis
1287 658 1325 692 in
1353 670 1484 705 puram
1503 663 1539 693 et
1556 664 1774 705 perpetuam
1794 657 1944 693 elimofi-

369 735 452 758 nam
481 723 573 758 adeo
600 722 714 758 libere
739 729 775 758 et
801 723 924 769 quiete
952 724 1044 759 ficut
1071 724 1194 771 aliqua
1225 724 1412 761 elimosina
1442 725 1593 761 liberius
1623 725 1681 761 vel
1710 726 1875 773 quiecius
1906 727 1943 762 in

368 804 483 839 regno
502 791 600 838 regis
621 790 749 827 Scocie
768 797 914 827 tenetur
934 792 992 827 vel
1018 792 1217 839 poffidetur
1237 806 1319 829 cum
1345 794 1512 829 omnibus
1532 793 1763 842 aysiamentis
1782 795 1943 842 predi&e

369 860 454 895 ville
474 860 518 895 de
538 859 735 907 Langtoun
753 860 1024 906 pertinentibus
1042 882 1049 889 ·
1066 861 1146 908 Ego
1166 866 1287 896 autem
1307 870 1342 896 et
1361 861 1516 897 heredes
1535 863 1607 897 mei
1625 862 1943 898 warantizabimus

367 928 567 976 predi&am
595 934 730 963 terram
756 927 919 975 predi&
949 928 1074 963 domui
1103 935 1232 964 contra
1260 942 1385 964 omnes
1411 929 1578 965 homines
1598 951 1605 958 ·
1625 929 1674 964 Et
1702 936 1739 965 vt
1766 929 1834 965 hec
1863 943 1944 966 mea

367 996 522 1032 donacio
542 1002 622 1032 rata
641 1002 676 1031 et
694 996 904 1031 inconcussa
921 1002 1135 1044 permaneat
1153 997 1313 1044 presenti
1334 1003 1434 1033 carte
1454 996 1607 1045 sigillum
1629 1010 1749 1033 meum
1769 999 1914 1046 apposui
1933 1020 1939 1026 ·

367 1065 436 1099 hiis
463 1064 615 1100 testibus
642 1064 791 1099 domino
815 1064 1002 1100 Willelmo
1029 1065 1104 1100 filio
1130 1064 1170 1100 P.
1197 1065 1340 1101 comitis
1367 1065 1514 1101 domino
1533 1065 1717 1101 willelmo
1745 1067 1790 1102 de
1810 1066 1940 1102 Veteri

367 1133 484 1169 Ponte
504 1133 690 1169 Herberto
714 1133 904 1180 capellano
924 1134 968 1169 de
988 1133 1184 1181 Langtoun
1202 1132 1374 1180 magistro
1389 1134 1510 1169 Adam
1530 1134 1574 1168 de
1594 1133 1882 1170 Malkarristoun
1896 1136 1939 1170 R.

366 1202 471 1238 fratri
491 1202 553 1237 suo
573 1201 736 1249 Hugone
756 1201 891 1237 clerico
909 1201 1083 1237 Johanne
1102 1202 1147 1237 de
1166 1201 1328 1237 Dalham
1346 1207 1382 1237 et
1400 1202 1522 1237 multis
1541 1202 1633 1237 aliis.

367 1348 480 1385 Carta
498 1348 523 1384 J
526 1348 681 1384 ohannis
700 1348 746 1383 de
768 1346 991 1395 Streuelyng
1010 1347 1055 1382 de
1074 1346 1183 1382 terris
1203 1347 1248 1382 de
1269 1345 1474 1382 Ouchiltre.

368 1453 564 1509 Omnibus
600 1471 720 1506 fauete
755 1470 881 1505 matris
921 1468 1070 1504 ecclesie
1106 1468 1190 1503 filiis
1233 1468 1298 1503 has
1342 1468 1467 1504 literas
1503 1468 1632 1504 visuris
1669 1469 1726 1504 vel
1762 1469 1940 1505 audituris

363 1539 555 1574 Johannes
583 1539 628 1574 de
657 1538 845 1586 Striuelyn
873 1537 1024 1573 salutem
1048 1559 1055 1565 -
1077 1536 1236 1572 Nouerit
1265 1536 1479 1573 vniuersitas
1509 1537 1629 1573 vestra
1657 1551 1713 1573 me
1742 1538 1877 1574 dedisse
1904 1545 1940 1574 et

365 1606 569 1643 conceffifl'e
589 1612 624 1642 et
643 1606 712 1642 hac
734 1606 894 1653 presenti
922 1611 1025 1641 carta
1050 1617 1133 1640 mea
1158 1605 1381 1641 confirmasse
1400 1604 1484 1640 Deo
1503 1611 1539 1641 et
1559 1606 1682 1640 domui
1705 1605 1836 1642 San&e
1857 1606 1939 1642 Tri-

364 1675 488 1711 nitatis
508 1675 553 1710 de
574 1674 694 1711 Soltre
715 1681 750 1710 et
775 1674 949 1710 fratribus
976 1673 1112 1709 ibidem
1137 1673 1220 1708 Deo
1250 1673 1492 1708 seruientibus
1519 1678 1554 1708 et
1582 1673 1802 1720 impertuum
1830 1674 1938 1708 serui-

365 1744 455 1779 turis
475 1756 585 1779 vnum
605 1743 737 1778 toftum
755 1748 791 1778 et
810 1742 967 1778 croftum
986 1742 1026 1776 in
1045 1741 1132 1776 villa
1150 1753 1232 1776 mea
1250 1741 1295 1775 de
1316 1740 1512 1776 Ouchiltre
1535 1753 1605 1787 que
1626 1740 1801 1776 Gamelus
1820 1741 1938 1776 tenuit

365 1813 409 1847 de
434 1825 492 1847 me
517 1812 563 1847 ad
588 1811 729 1846 firmam
757 1824 827 1858 que
856 1811 895 1846 in
924 1810 959 1846 se
984 1810 1176 1845 continent
1202 1821 1310 1844 vnam
1340 1821 1465 1844 acram
1490 1814 1527 1844 et
1556 1808 1745 1844 dimidiam
1773 1815 1809 1844 et
1829 1822 1936 1844 vnam

364 1881 470 1916 aliam
490 1880 678 1915 dimidiam
704 1892 826 1915 acram
848 1879 1090 1927 propinquius
1117 1877 1297 1913 iacentem
1324 1876 1489 1924 predifflm
1515 1877 1631 1912 crofto
1653 1889 1696 1912 ex
1717 1877 1937 1913 occidentali

364 1954 468 1996 parte
498 1961 579 1984 eum
609 1948 778 1984 omnibus
803 1946 1032 1995 ayfiamentis
1064 1946 1111 1982 ad
1141 1945 1297 1981 eandem
1328 1950 1464 1980 terram
1495 1944 1763 1992 pertinentibus
1791 1951 1826 1980 et
1854 1958 1935 1981 cum

366 2017 550 2053 communi
577 2016 726 2064 pastura
755 2016 915 2051 eiusdem
939 2015 1023 2051 ville
1052 2014 1099 2050 ad
1127 2019 1284 2060 quatuor
1310 2025 1440 2048 vaccas
1472 2019 1508 2049 et
1537 2012 1727 2048 duodecim
1747 2025 1834 2049 oues
1853 2026 1935 2049 cum

367 2086 510 2133 sequela
534 2085 640 2120 vnius
668 2084 755 2120 anni
773 2105 781 2113 ·
801 2084 899 2120 Volo
925 2089 1095 2132 preterea
1121 2087 1157 2117 et
1185 2080 1346 2116 concedo
1371 2086 1408 2115 vt
1432 2080 1586 2127 prediffi
1615 2080 1746 2115 fratres
1775 2080 1934 2116 habeant

365 2154 551 2190 annuatim
571 2166 680 2188 vnam
706 2158 849 2188 trauam
875 2152 975 2187 bladi
995 2152 1040 2186 de
1059 2149 1208 2197 singulis
1236 2149 1376 2185 carneis
1401 2149 1492 2184 meis
1511 2154 1546 2184 et
1564 2149 1750 2184 homiuum
1769 2161 1934 2185 meorum

367 2222 572 2268 vbicunque
600 2219 838 2256 existencium
865 2232 909 2255 ex
935 2224 1040 2266 parte
1067 2217 1216 2254 australi
1243 2229 1336 2264 aque
1360 2217 1405 2252 de
1423 2217 1454 2252 F
1457 2216 1539 2252 orth
1558 2217 1596 2252 in
1615 2222 1815 2264 autumpno
1835 2239 1842 2245 ·
1864 2217 1933 2253 Te-

368 2290 527 2325 nendum
547 2294 583 2324 et
600 2288 808 2324 habendum
837 2287 901 2323 fibi
928 2293 964 2323 et
991 2285 1250 2323 successoribus
1276 2288 1348 2323 suis
1373 2287 1417 2323 de
1441 2299 1498 2322 me
1517 2292 1553 2323 et
1571 2286 1768 2322 heredibus
1785 2288 1876 2323 meis
1894 2289 1932 2323 in

368 2369 496 2403 puram
523 2362 559 2391 et
588 2362 800 2404 perpetuam
828 2353 1050 2390 elimosinam
1079 2354 1170 2390 adeo
1199 2355 1312 2391 libere
1337 2355 1459 2402 quiete
1485 2354 1650 2402 plenarie
1675 2360 1710 2390 et
1732 2354 1932 2391 honorifice

368 2425 457 2460 sicut
477 2424 597 2470 aliqua
615 2423 801 2459 elimosina
819 2424 864 2458 de
884 2423 1006 2470 aliquo
1034 2423 1172 2458 barone
1198 2423 1237 2458 in
1264 2436 1378 2470 regno
1399 2421 1527 2459 Seocie
1545 2422 1695 2458 liberius
1714 2422 1878 2470 quiecius
1897 2430 1932 2459 et
