2147 2964
95 859 153 891 22.

732 283 920 321 DOMUS
947 283 1018 319 DE
1049 284 1264 321 SOLTRE.
1741 289 1783 323 Π)

218 383 474 420 Bertholomeo
499 384 542 419 de
570 383 717 419 Faulaw
744 383 891 418 domiuo
920 383 964 418 R.
984 383 1104 419 Paruo
1135 384 1324 431 capellano
1353 384 1501 420 domiuo
1529 384 1572 419 R.
1594 385 1783 432 capellano

215 453 259 488 de
280 451 413 487 Hei-iot
431 451 601 499 Edulpho
621 452 665 486 de
688 451 871 487 Cakmore
893 451 1063 486 Gilberto
1090 452 1165 486 filio
1184 452 1374 499 presbiteri
1393 453 1438 488 de
1459 452 1593 488 Heriot
1614 452 1782 489 Samuele

215 522 259 557 de
278 520 426 556 Faulaw
447 520 594 555 domino
615 520 735 555 Adam
769 520 813 554 de
842 518 1125 554 Malcarristoun
1151 520 1313 555 -Valeat
1346 520 1560 556 vniuerfitas
1594 522 1712 557 vestra
1743 523 1778 557 iu

214 589 385 624 Domino.

213 742 326 778 Carta
345 741 487 777 Thome
506 741 551 775 de
572 740 804 788 Cranystoun
825 740 870 775 de
890 740 1033 776 cultura
1052 746 1160 775 terre.

215 842 409 895 Omnibus
429 858 549 893 sanae
568 857 694 893 matris
714 856 864 893 ecclesie
884 857 967 891 filiis
993 859 1198 904 presentem
1219 865 1356 894 cartam
1377 860 1504 895 visuris
1526 861 1582 897 vel
1602 863 1779 898 audituris

212 926 372 962 Thomas
398 927 443 962 de
464 925 693 963 Cranestoun
723 925 873 961 salutem
907 931 1068 961 eternam
1098 926 1135 961 iu
1168 927 1328 962 Domino
1347 949 1354 955 ·
1376 927 1535 965 Nouerit
1566 930 1780 967 vniuerfitas

211 995 329 1030 vestra
347 1008 404 1030 me
423 995 548 1030 diuine
567 994 715 1041 pietatis
742 994 877 1030 intuitu
897 1000 932 1030 et
951 1007 1018 1042 pro
1037 994 1150 1030 salute
1168 995 1288 1030 anime
1308 1009 1386 1032 mee
1407 1003 1442 1032 et
1461 998 1723 1034 antecessorum
1744 1008 1779 1036 et

210 1063 445 1100 suceessorum
474 1076 637 1098 meorum
663 1062 795 1098 dedisse
825 1070 861 1099 et
889 1063 959 1099 hae
986 1064 1143 1111 presenti
1174 1070 1275 1100 carta
1300 1078 1382 1101 mea
1401 1067 1623 1102 confirmasse
1643 1067 1725 1104 Deo
1744 1076 1780 1105 et

209 1132 331 1168 domui
353 1131 483 1168 San&e
504 1131 699 1167 Trinitatis
728 1133 773 1167 de
803 1132 921 1167 Soltre
950 1138 985 1167 et
1013 1132 1187 1168 fratribus
1215 1133 1348 1169 ibidem
1374 1134 1456 1169 Deo
1481 1135 1724 1173 seruientibus
1744 1146 1779 1174 et

209 1202 473 1249 imperpetuum
501 1201 688 1237 seruituris
716 1202 753 1236 in
780 1214 908 1249 puram
939 1207 976 1237 et
999 1207 1211 1248 perpetuam
1235 1202 1458 1239 elimosinam
1477 1204 1576 1240 illam
1597 1206 1776 1243 culturam

209 1276 305 1305 terre
324 1283 394 1317 que
422 1270 517 1305 iacet
543 1269 784 1317 propinquior
803 1269 926 1305 diuisis
953 1269 1130 1305 territorii
1150 1270 1195 1305 de
1214 1269 1386 1306 Paistoun
1406 1273 1528 1308 versus
1548 1273 1694 1310 boream
1716 1276 1778 1311 sci-

209 1339 294 1374 licet
313 1352 333 1373 a
352 1339 456 1373 diais
475 1337 597 1373 diuisis
616 1338 726 1384 Vsque
754 1338 800 1373 ad
827 1338 1020 1386 supernum
1049 1338 1093 1372 de
1113 1337 1280 1385 Breririg
1305 1339 1500 1375 secundum
1521 1341 1614 1377 diae
1634 1344 1776 1379 culture

208 1406 436 1442 latitudinem
457 1412 492 1442 et
512 1419 533 1441 a
551 1407 609 1442 via
635 1406 739 1451 regia
763 1419 832 1453 que
861 1406 894 1441 se
924 1405 1087 1441 extendit
1114 1405 1234 1441 versus
1253 1406 1483 1456 Edynburgh
1509 1410 1618 1457 vsque
1643 1412 1776 1448 diuisas

208 1474 295 1509 dieti
315 1474 490 1509 territorii
510 1475 554 1509 de
575 1473 746 1509 Paistoun
774 1473 969 1509 secundum
998 1473 1263 1521 longitudinem
1293 1475 1512 1512 assendendo
1532 1499 1538 1506 -
1561 1478 1774 1517 Tenendam

207 1547 242 1577 et
260 1541 464 1577 habendam
485 1543 530 1577 de
557 1555 614 1577 me
642 1548 677 1578 et
702 1542 898 1577 heredibus
925 1542 1014 1577 meis
1041 1541 1215 1578 fratribus
1234 1543 1328 1578 diae
1353 1544 1480 1580 domus
1500 1552 1535 1581 et
1554 1559 1679 1583 eorum
1700 1550 1774 1585 suc-

207 1609 399 1645 cessoribus
426 1609 689 1657 imperpetuum
718 1610 770 1645 ita
798 1610 910 1645 libere
940 1615 975 1645 et
1003 1609 1124 1656 quiete
1151 1610 1316 1657 plenarie
1337 1618 1373 1648 et
1391 1612 1592 1650 honorifice
1611 1616 1656 1651 ab
1675 1619 1771 1653 omni

206 1677 356 1712 seruicio
378 1677 575 1713 intrinseco
600 1683 635 1712 et
661 1678 860 1713 extrinseco
886 1678 1082 1713 exaccione
1110 1684 1145 1713 et
1173 1679 1325 1714 seculari
1345 1680 1525 1717 demanda
1543 1682 1632 1719 sieut
1651 1685 1772 1732 aliqua

203 1744 389 1780 elimosina
406 1745 443 1779 in
463 1750 539 1780 toto
558 1757 672 1793 regno
694 1744 821 1781 Scocie
839 1745 947 1780 alicui
968 1746 1090 1781 domui
1109 1746 1277 1794 religiose
1297 1748 1430 1784 collata
1448 1755 1594 1786 tenetur
1613 1758 1648 1787 et
1666 1753 1769 1800 posii-

202 1814 308 1849 detur
327 1835 334 1841 ·
357 1813 436 1860 Ego
455 1825 542 1848 vero
562 1819 598 1849 et
625 1813 780 1848 heredes
806 1814 877 1848 mei
908 1813 1039 1848 diuam
1068 1813 1247 1849 culturam
1275 1820 1371 1851 terre
1398 1829 1462 1864 per
1481 1818 1560 1853 suas
1579 1819 1712 1856 diuisas
1732 1829 1769 1857 vt

201 1881 401 1928 predifitum
421 1880 473 1916 est
493 1881 587 1916 diae
607 1881 729 1916 domui
758 1886 794 1916 et
821 1881 996 1916 fratribus
1020 1881 1287 1929 imperpetuum
1312 1890 1441 1920 contra
1459 1897 1583 1922 omnes
1602 1887 1768 1926 homines

202 1949 517 1985 warantizabimus
535 1971 542 1978 ·
558 1949 602 1983 In
621 1949 728 1984 huius
747 1962 832 1984 vero
851 1949 903 1984 rei
923 1948 1164 1985 testimonium
1183 1952 1340 1997 present-i
1358 1959 1457 1989 carte
1474 1954 1626 2002 sigillum
1646 1970 1765 1994 meum

200 2017 349 2065 apposui
363 2037 371 2045 ·
384 2016 453 2051 hiis
468 2016 616 2052 testibus
631 2016 779 2051 domino
794 2016 980 2052 Willelmo
992 2018 1037 2053 de
1051 2018 1217 2066 Douglas
1230 2021 1378 2056 domino
1395 2022 1555 2059 Roberto
1570 2025 1614 2060 de
1632 2024 1765 2062 Sanao

202 2085 313 2122 Claro
340 2084 512 2132 magistro
547 2085 667 2120 Adam
704 2085 749 2120 de
786 2084 1074 2121 Malkarristoun
1108 2087 1281 2134 magistro
1312 2089 1338 2125 ‚J
1341 2090 1484 2126 ohanne
1520 2093 1564 2128 de
1595 2093 1764 2132 Kalchou

200 2153 381 2189 Michaele
401 2153 446 2188 de
465 2151 635 2188 Paistoun
656 2152 780 2187 Dauid
802 2152 1008 2188 Sauchueld
1033 2160 1068 2190 et
1086 2154 1210 2191 multis
1229 2156 1317 2192 aliis.
