2147 2964
221 1095 289 1126 150

357 308 425 342 168
653 303 972 341 REGISTRUM
998 302 1255 340 ECCLESIE
1286 303 1630 341 COLLEGIATE

454 404 604 441 Summa
622 403 745 439 totalis
766 417 848 439 cum
867 403 964 439 resta
982 403 1046 439 fibi
1074 403 1300 452 computanti
1325 403 1449 439 debita
1473 404 1562 440 xxix
1574 403 1611 439 li.
1634 404 1724 439 viis.
1744 404 1784 439 iii
1798 404 1833 439 d.
1887 405 1935 439 Et

503 474 551 508 sic
569 472 843 521 superexposuit
862 478 1080 520 computans
1099 472 1187 507 xxix
1200 472 1239 507 li.
1260 472 1349 507 viis.
1371 472 1407 507 iii
1422 472 1457 507 d.

403 542 610 577 Mmmwu
630 540 816 576 M1cHA13L
834 541 943 577 Locn
964 541 1124 577 decanus
1145 540 1350 576 HEchus
1372 539 1635 575 Hinmmome
1660 552 1770 574 manu
1788 540 1935 587 propria

452 623 563 645 manu
581 609 743 657 propria.
1147 608 1313 644 THoMAs
1335 608 1535 644 XVA'rsoUN
1555 621 1666 643 manu
1685 608 1835 656 propria

404 679 589 715 Dommus
619 678 828 714 Rossmzws
857 677 991 713 BRADY
1015 690 1125 713 manu
1144 677 1317 712 JACOBUS
1340 676 1535 713 CHAUMAR
1555 689 1663 712 manu
1682 677 1833 724 propria

452 747 602 795 propria
1144 746 1387 781 Wummus
1409 745 1590 780 TEMpm„
1608 758 1719 780 manu
1738 746 1888 793 propria

407 817 535 853 Dium
557 816 705 853 OsrmN
726 828 836 851 manu
855 814 1006 863 propria
1146 814 1313 850 THOMAS
1336 814 1450 850 Gom
1470 827 1580 849 manu
1599 813 1759 861 propria.

357 1073 411 1130 IN
446 1095 605 1142 capitulo
638 1100 738 1129 tento
770 1094 807 1129 in
841 1092 997 1140 collegio
1029 1091 1161 1129 San-{te
1192 1090 1388 1126 Trinitatis
1421 1091 1675 1138 capitulariter
1709 1096 1934 1138 congregato

354 1163 527 1211 magister
547 1162 711 1198 Thomas
730 1162 856 1210 Brady
877 1160 1080 1209 prepositus
1100 1173 1182 1196 cum
1202 1159 1371 1195 omnibus
1390 1160 1461 1195 suis
1479 1160 1732 1207 prebendariis
1752 1159 1936 1195 Michaele

354 1232 456 1268 Loch
485 1232 626 1267 decano
652 1231 817 1266 Henrico
846 1230 1092 1277 Hadingtoun
1120 1228 1293 1277 magistro
1321 1228 1510 1275 hospitalis
1536 1228 1725 1263 willelmo
1749 1228 1935 1264 Wisehart

354 1300 502 1336 sacrista
520 1299 646 1335 Dauid
667 1299 819 1335 Ostiane
843 1298 986 1333 Jacobo
1007 1297 1182 1333 Chalmar
1202 1296 1384 1332 Willelmo
1405 1296 1567 1343 Tempill
1596 1296 1742 1332 Thoma
1759 1296 1934 1332 Watl'oun

356 1369 517 1404 Roberto
534 1367 660 1415 Brady
681 1366 827 1402 Thoma
848 1366 949 1402 Guld
975 1378 1050 1400 non
1079 1365 1113 1400 vi
1142 1365 1226 1400 dolo
1254 1364 1315 1401 seu
1343 1365 1474 1400 fraude
1502 1364 1563 1400 sed
1591 1364 1708 1400 libera
1731 1370 1766 1400 et
1784 1366 1936 1412 propria

356 1438 546 1472 voluntate
567 1435 728 1471 vnanimi
752 1434 926 1470 consensu
946 1440 983 1470 et
1002 1433 1136 1469 assensu
1155 1439 1190 1469 et
1209 1439 1352 1469 matura
1370 1433 1642 1469 deliberacione
1663 1434 1748 1481 quia
1765 1434 1936 1469 viderunt

355 1506 593 1553 inspexerunt
612 1510 648 1540 et
666 1504 838 1552 legerunt
855 1505 892 1538 in
913 1502 1005 1538 dicto
1026 1502 1184 1550 capitulo
1208 1502 1475 1549 acquittancias
1495 1509 1676 1538 terrarum
1695 1503 1741 1538 de
1761 1502 1935 1538 Ballerno

357 1581 391 1609 et
414 1574 493 1609 Hill
520 1586 585 1622 per
604 1573 741 1608 dietum
769 1571 992 1620 prepositum
1020 1572 1246 1619 presentatas
1275 1578 1311 1607 et
1338 1571 1516 1619 perlefitas
1539 1584 1560 1606 a
1578 1577 1743 1619 tempore
1763 1571 1935 1608 introitus

355 1643 405 1678 sui
423 1643 469 1678 ad
488 1643 601 1678 dits-tas
621 1648 738 1678 terras
758 1641 932 1677 videlicet
960 1654 981 1676 a
1007 1639 1196 1675 millesimo
1217 1644 1251 1674 νο
1267 1640 1383 1675 tercio
1405 1640 1515 1686 vsque
1538 1639 1764 1675 millesimum
1785 1645 1820 1674 ve
1838 1641 1936 1676 deci-

355 1725 453 1748 mum
469 1718 505 1747 et
520 1711 751 1747 vndecimum
771 1716 809 1746 et
829 1711 873 1746 de
892 1710 965 1746 illis
985 1709 1090 1745 annis
1110 1715 1146 1744 et
1166 1709 1332 1745 terminis
1350 1708 1529 1756 perlectas
1549 1714 1585 1744 et
1604 1709 1807 1744 intellefflffls
1825 1709 1934 1756 plane

356 1787 391 1817 et
410 1782 455 1817 ad
480 1781 631 1829 longum
650 1779 772 1827 palam
799 1779 837 1814 in
858 1779 954 1814 (licto
982 1777 1144 1825 capitulo
1171 1783 1207 1812 et
1235 1789 1358 1812 coram
1380 1776 1484 1811 nobis
1503 1782 1655 1824 propter
1675 1777 1933 1824 fatigacionem

356 1856 391 1885 et
416 1849 686 1885 multitudinem
721 1847 1051 1895 acquittanciarum
1084 1846 1200 1882 di&us
1231 1844 1434 1893 prepositus
1466 1845 1637 1880 distruxit
1669 1851 1705 1880 et
1735 1845 1931 1880 lacerauit·

356 1931 469 1965 quare
496 1919 662 1954 dedimus
689 1923 725 1953 et
753 1916 989 1953 concedimus
1017 1916 1115 1951 dicto
1144 1914 1326 1963 prepofito
1364 1914 1649 1961 acquittanciam
1678 1914 1867 1950 meliorem
1895 1915 1932 1950 in

357 1988 473 2023 forma
490 1986 760 2023 instrumentali
780 1986 842 2021 sub
862 1985 985 2020 nostro
1006 1984 1187 2020 communi
1208 1982 1324 2031 figillo
1344 1996 1426 2018 cum
1453 1983 1585 2018 nostris
1604 1983 1934 2031 subscripcionibus

357 2055 586 2091 manualibus
601 2055 646 2091 de
662 2055 829 2090 omnibus
847 2059 883 2090 et
901 2053 1050 2101 singulis
1069 2052 1244 2087 fruffibus
1265 2056 1299 2086 et
1318 2051 1431 2086 firmis
1451 2051 1697 2098 predifftarum
1717 2050 1931 2099 [terrarum]

358 2125 402 2159 de
422 2124 596 2159 Ballerno
616 2130 652 2160 et
673 2123 753 2159 Hill
772 2135 916 2158 necnon
937 2121 1088 2158 ecclesie
1108 2121 1152 2156 de
1172 2120 1256 2155 Vrd
1284 2120 1481 2155 secundum
1510 2126 1674 2155 tenorem
1702 2119 1932 2154 instrumenti

360 2193 403 2227 de
429 2192 500 2228 illis
532 2198 567 2228 et
595 2193 647 2228 eis
675 2205 745 2239 que
776 2191 912 2239 scripta
942 2203 1016 2226 non
1048 2191 1129 2225 sunt
1156 2189 1193 2224 in
1221 2189 1315 2224 libro
1344 2188 1501 2236 compoti
1534 2187 1606 2223 sine
1636 2187 1932 2222 contradiccione

360 2273 576 2308 quacunque
614 2261 650 2295 in
687 2260 822 2296 iudicio
859 2259 917 2295 vel
958 2264 1061 2295 extra
1100 2258 1275 2293 iudicium
1320 2258 1404 2304 quia
1440 2257 1636 2292 secundum
1673 2255 1930 2290 fundacionem

362 2335 397 2364 et
444 2329 761 2365 confirmacionem
821 2327 1053 2364 fundacionis
1102 2326 1206 2362 nobis
1260 2325 1501 2362 committitur
1554 2324 1707 2359 facultas
1760 2324 1931 2359 audiendi

363 2397 537 2431 onerandi
571 2403 607 2433 et
640 2397 864 2433 exonerandi
901 2403 937 2432 et
972 2395 1209 2431 disclamandi
1240 2394 1404 2442 predicto
1440 2392 1621 2440 preposito
1657 2398 1692 2427 et
1728 2391 1931 2427 suceess'ori-

363 2465 428 2498 bus
455 2464 525 2499 suis
551 2477 618 2511 pro
645 2465 750 2500 nobis
777 2471 813 2500 et
839 2464 1095 2500 successoribus
1122 2462 1253 2499 nostris
1280 2474 1378 2498 nunc
1406 2467 1442 2497 et
1469 2461 1734 2508 imperpetuum
1761 2481 1767 2487 ·
1794 2459 1930 2495 Datum
