2147 2964
104 662 162 694 20.

741 286 929 324 DOMUS
957 288 1029 323 DE
1059 288 1274 325 SOLTRE.
1747 297 1788 334 17

224 473 338 508 Carta
364 472 511 507 66610116
539 472 583 507 (16
613 471 849 507 Strathechin
876 472 1050 521 Martyne
1077 486 1142 520 per
1162 473 1384 510 Willelmum
1413 476 1619 524 episcopum
1649 477 1785 514 Sauffi·

220 540 367 575 andree.

220 640 424 692 Vniuerfis
443 654 561 690 sanae
581 655 705 691 matris
724 656 873 692 66616116
891 656 975 692 filiis
993 657 1058 692 has
1077 657 1202 694 literas
1223 659 1350 695 visuris
1371 661 1428 696 vel
1447 662 1627 697 audituris
1642 662 1782 699 Willel—

217 735 294 758 mus
312 722 540 770 permistione
563 723 689 758 diuina
715 723 864 759 66616116
896 723 1159 761 ΞειηᾶὶὶειῐιᾶιὊθ
1187 727 1353 763 minister
1379 728 1527 765 humilis
1554 736 1719 766 eternam
1744 732 1781 766 in

214 791 376 826 Domino
401 791 550 827 salutem
569 812 576 819 ·
594 791 655 826 Ad
682 791 925 827 vniuerfitatis
954 793 1070 828 vestre
1097 794 1271 830 noticiam
1298 796 1464 832 volumus
1494 798 1688 844 peruenire
1716 812 1782 834 nos

213 858 336 894 ‹liuine
355 858 499 906 pietatis
517 859 652 894 intuitu
672 859 805 895 dedisse
833 860 1036 897 conceffifl‘e
1064 868 1100 898 et
1123 863 1193 899 hac
1212 864 1368 911 presenti
1390 871 1491 900 carta
1510 865 1634 901 nostra
1652 867 1782 902 confir—

213 926 319 962 mafle
339 926 488 963 ecclesie
508 927 637 963 Sanste
658 927 852 964 Trinitatis
879 929 925 963 de
952 927 1072 966 Soltre
1100 937 1136 967 ct
1163 932 1337 968 fratribus
1365 933 1500 969 ibidem
1521 933 1603 969 Deo
1623 935 1781 971 seruien-

212 995 306 1030 tibus
335 1001 370 1031 et
398 995 584 1031 ieruituris
614 996 659 1031 ad
688 996 787 1031 suam
817 1002 853 1032 et
877 1009 1079 1044 pauperum
1111 999 1413 1036 sustentacionem
1441 1002 1628 1037 ecclesiam
1659 1002 1779 1039 Sanffi

212 1062 365 1099 Martini
384 1065 429 1099 de
449 1064 695 1112 Strathcycyn
719 1064 757 1099 in
782 1065 851 1100 suis
871 1064 989 1101 vfibus
1008 1072 1043 1102 et
1062 1080 1264 1115 pauperum
1289 1069 1495 1105 habendam
1516 1083 1597 1106 cum
1618 1072 1724 1107 terris
1743 1079 1779 1107 et

211 1132 361 1167 decimis
381 1133 668 1168 obuenciouibus
687 1139 723 1168 ct
742 1133 909 1168 omnibus
934 1133 1015 1169 aliis
1038 1135 1083 1170 ad
1104 1136 1257 1171 eandem
1277 1137 1465 1173 ecclesiam
1485 1138 1576 1174 iuste
1594 1140 1779 1185 pertinen-

211 1199 306 1235 tibus
325 1200 361 1235 in
381 1200 535 1236 liberam
554 1207 590 1236 et
608 1213 737 1247 puram
757 1206 793 1236 ct
814 1207 1031 1248 perpetuam
1058 1203 1280 1239 elimosinam
1308 1205 1360 1240 ita
1387 1211 1508 1242 tamen
1528 1209 1626 1254 quod
1646 1209 1778 1244 eisdem

209 1267 318 1303 liceat
347 1280 457 1303 vnum
489 1269 533 1304 de
563 1269 633 1303 suis
662 1269 885 1304 sacerdotem
916 1269 1034 1305 virum
1067 1272 1252 1318 ydoneum
1286 1274 1390 1309 nobis
1426 1275 1485 1310 vel
1519 1276 1779 1313 successoribus

210 1337 340 1372 nostris
359 1338 404 1372 ad
425 1338 579 1372 candem
598 1337 787 1372 ecclesiam
804 1339 1014 1385 presentare
1033 1339 1094 1385 qui
1122 1340 1227 1375 nobis
1246 1341 1290 1375 de
1310 1341 1557 1388 spiritualibus
1576 1349 1612 1379 et
1630 1344 1713 1391 ipsis
1733 1346 1778 1381 (16

211 1405 471 1451 temporalibus
508 1410 676 1440 tencatur
711 1405 855 1451 plenius
890 1406 1110 1452 respondere
1147 1420 1253 1454 quem
1291 1409 1315 1443 11
1351 1412 1575 1456 procedente
1612 1418 1776 1460 tempore

209 1473 328 1507 minus
347 1472 410 1508 fibi
436 1473 620 1520 ydoneum
648 1473 860 1508 inuenerint
878 1473 936 1508 vel
955 1474 1097 1509 fidelem
1117 1476 1162 1510 de
1189 1477 1404 1513 auetoritate
1423 1478 1548 1514 nostra
1567 1481 1622 1516 vel
1643 1482 1776 1517 succes-

211 1541 329 1576 sorum
357 1541 562 1576 nostrorum
594 1546 768 1588 poterunt
798 1541 913 1588 ipsum
946 1554 1115 1577 amouere
1147 1549 1183 1578 et
1215 1544 1324 1579 alium
1354 1546 1601 1583 substituendo
1630 1550 1774 1596 prefato

209 1609 317 1644 modo
335 1608 544 1655 presentare
562 1628 569 1635 ·
589 1609 769 1644 Volumus
796 1615 918 1645 autem
937 1616 974 1646 vt
1000 1610 1164 1657 predicm
1191 1612 1341 1648 ecclesia
1368 1614 1413 1649 de
1436 1613 1557 1651 Soltre
1582 1622 1618 1651 et
1640 1617 1774 1653 fratres

209 1676 365 1711 eiusdem
384 1676 455 1712 loci
474 1676 511 1711 in
531 1676 612 1712 suos
633 1677 711 1712 vsus
738 1683 774 1713 et
800 1690 1001 1724 pauperum
1028 1678 1187 1714 habeant
1214 1686 1362 1716 teneant
1382 1688 1417 1717 et
1435 1681 1638 1729 possideant
1655 1686 1773 1731 prefa-

209 1749 282 1779 tam
311 1744 499 1780 ecclesiam
527 1745 572 1780 de
604 1744 872 1793 Strathcycyne
902 1746 993 1781 adeo
1021 1746 1135 1782 libere
1164 1748 1285 1794 quiete
1314 1749 1479 1796 plenarie
1509 1756 1544 1786 et
1572 1751 1772 1789 honorifice

208 1812 297 1848 sicut
315 1813 437 1859 aliqua
456 1813 583 1848 domus
611 1813 782 1860 religiosa
812 1813 959 1860 aliquod
989 1815 1205 1851 beneficium
1231 1817 1267 1851 in
1297 1818 1508 1866 episcopatu
1535 1820 1658 1856 nostro
1685 1821 1773 1857 libe-

208 1880 283 1916 rius
301 1881 465 1928 quiecius
482 1882 668 1928 plenarius
688 1887 724 1917 et
742 1881 1046 1918 honorificencius
1074 1883 1184 1919 habet
1211 1890 1312 1921 tenet
1331 1892 1366 1921 et
1384 1886 1537 1933 poffidet
1556 1888 1663 1923 saluis
1682 1890 1771 1937 epis-

207 1949 392 1997 copalibus
424 1971 431 1978 ·
463 1950 533 1985 hiis
571 1949 720 1985 testibus
756 1950 904 1985 domino
935 1950 1094 1997 Hugone
1131 1951 1298 1999 episcopo
1334 1953 1586 1990 Dunkeldenfl
1624 1957 1771 1993 domino

206 2016 388 2053 Willelmo
418 2018 638 2054 cancellario
668 2018 806 2053 domini
839 2018 936 2065 regis
967 2018 1226 2055 archidiacono
1256 2020 1445 2058 Laudonie
1477 2023 1647 2071 magistro
1679 2025 1773 2062 Lau-

205 2086 330 2121 reneio
359 2086 619 2123 archidiacono
645 2086 904 2123 Sanaiandree
934 2087 1081 2122 domino
1102 2087 1286 2123 Willelmo
1314 2090 1358 2124 de
1383 2090 1544 2127 Altoniis
1567 2092 1768 2143 [Valoniis]

207 2155 407 2190 camerario
436 2155 574 2190 domini
606 2155 702 2202 regis
735 2154 946 2189 Alexandro
977 2155 1191 2191 vicecomite
1223 2157 1268 2192 (16
1297 2156 1514 2206 Streuelyne
1534 2159 1701 2196 Waltero
1725 2163 1768 2198 de

206 2221 402 2270 Lyndiss‘ay
431 2222 698 2258 constabulario
728 2223 773 2257 de
800 2222 954 2270 Berwyk
982 2222 1154 2259 Johanne
1183 2225 1227 2260 de
1258 2225 1438 2262 Maxsuell
1461 2227 1630 2265 Gilberto
1663 2230 1768 2278 [Gal-

206 2289 340 2337 frid0?]
372 2290 505 2325 clerico
525 2290 569 2325 de
591 2290 627 2325 la
645 2289 844 2325 Liueresun
864 2291 984 2325 Adam
1014 2291 1147 2327 clerico
1173 2294 1217 2328 de
1244 2294 1279 2329 la
1303 2294 1497 2332 Prouande
1517 2298 1703 2335 Willelmo
1723 2301 1766 2335 (1(-

206 2356 354 2404 Gulyne
373 2358 566 2393 senescallo
585 2358 708 2393 nostro
727 2363 762 2393 ct
782 2357 903 2393 multis
922 2358 1012 2393 aliis.

954 2438 973 2460 (-
