2147 2964
335 784 673 833 REGISTRUM
716 782 997 831 ECCLESIE
1044 781 1409 830 COLLEGIATE
1455 780 1668 829 SANCTE

565 893 900 942 TRINITATIS
945 892 1020 941 DE
1066 892 1432 940 EDINBURGH.

223 1290 496 1340 [Promuigacio
522 1290 620 1326 bulle
642 1289 699 1325 Pii
726 1302 817 1337 pape
840 1289 988 1325 secundi
1015 1290 1120 1337 super
1138 1290 1363 1326 anneceione
1382 1288 1570 1337 hospitalis
1587 1300 1787 1337 pauperum

219 1359 264 1394 de
286 1358 435 1406 Soltre.]

151 1512 158 1518 .
225 1468 430 1520 ANDREAS
455 1480 527 1516 Dei
558 1479 625 1529 [et]
653 1480 847 1528 apostolice
875 1481 968 1516 sedis
994 1480 1114 1528 gratia
1141 1480 1330 1527 episcopus
1360 1480 1593 1527 Glasguenfis
1619 1480 1728 1516 iudex
1753 1487 1789 1516 et

225 1555 397 1585 executor
425 1549 552 1584 vnicus
579 1548 625 1583 ad
651 1548 884 1596 infrascripta
912 1548 1128 1584 au&oritate
1151 1548 1350 1595 apostolica
1375 1548 1576 1597 specialiter
1594 1549 1790 1596 deputatus

224 1618 398 1653 vniuerfis
428 1617 566 1654 Christi
592 1616 759 1652 fidelibus
786 1617 833 1652 ad
860 1629 1014 1663 quorum
1042 1616 1195 1652 noticias
1222 1616 1407 1663 presentes
1433 1617 1554 1653 nostre
1580 1617 1687 1653 litere
1709 1630 1791 1664 per-

224 1687 393 1723 uenerint
424 1686 574 1721 salutem
604 1707 610 1713 -
646 1684 777 1722 Sciatis
811 1697 877 1720 nos
909 1685 1080 1732 quasdam
1113 1685 1239 1720 literas
1271 1684 1486 1732 apostolicas
1519 1684 1720 1721 sanctissimi
1751 1686 1790 1721 in

225 1755 370 1792 Christo
397 1755 511 1802 patris
538 1760 574 1790 et
601 1754 739 1789 domini
765 1753 879 1789 nostri
907 1753 1046 1788 domini
1074 1753 1128 1788 Pii
1156 1753 1282 1788 diuina
1305 1753 1451 1789 fauente
1479 1753 1680 1790 elemencia
1697 1767 1790 1802 pape

224 1823 371 1859 secundi
392 1823 468 1858 eius
488 1835 575 1858 vera
600 1821 700 1857 bulla
725 1821 894 1869 plumbea
920 1834 1002 1856 cum
1030 1821 1182 1857 cordula
1209 1821 1358 1868 canapis
1387 1834 1486 1856 more
1506 1820 1672 1857 Romane
1691 1822 1791 1857 curie

226 1891 459 1938 impendente
484 1890 656 1937 sigillatas
682 1902 757 1925 non
785 1889 935 1924 viciatas
961 1901 1036 1925 non
1063 1888 1284 1925 cancellatas
1311 1902 1379 1925 nec
1407 1889 1445 1924 in
1473 1889 1595 1936 aliqua
1617 1889 1668 1925 sui
1687 1896 1791 1937 parte

228 1958 406 2006 suspectas
426 1958 485 1994 sed
504 1958 603 1993 omni
621 1958 766 2005 prorsus
785 1957 880 1993 vicio
908 1962 944 1992 et
963 1956 1162 2004 suspicione
1188 1962 1353 1992 carentes
1372 1958 1477 2004 super
1496 1957 1738 2005 suppressione
1757 1964 1793 1994 et

229 2026 452 2063 extinfflone
472 2026 626 2061 nominis
646 2032 681 2061 et
699 2025 888 2073 dignitatis
908 2024 1127 2060 cancellarie
1148 2023 1410 2060 San&iandree
1429 2025 1518 2061 alias
1538 2028 1738 2062 ereetorum
1757 2032 1792 2062 et

228 2095 447 2130 reduccione
459 2094 644 2141 hospitalis
659 2105 861 2141 pauperum
874 2093 918 2128 de
934 2092 1053 2129 Soltre
1065 2092 1159 2128 dieue
1174 2091 1435 2128 Sanffiandree
1448 2092 1598 2128 diocefis
1613 2093 1648 2128 in
1664 2093 1792 2129 statum

228 2162 416 2210 pristinum
433 2162 568 2209 illoque
588 2161 739 2197 reducto
754 2160 886 2196 vnione
905 2161 1132 2196 anneceione
1151 2167 1187 2196 et
1206 2161 1510 2208 incorporaeione
1525 2161 1622 2197 illius
1638 2162 1792 2210 collegio

228 2236 264 2265 et
291 2230 458 2278 hospitali
480 2229 611 2266 sanae
631 2228 827 2264 Trinitatis
846 2227 990 2263 nouiter
1010 2241 1074 2275 per
1093 2227 1345 2264 sereniffimam
1364 2229 1608 2277 principissam
1628 2236 1664 2265 et
1681 2231 1793 2266 domi-

229 2312 311 2335 nam
332 2299 518 2335 dominam
531 2298 689 2334 Mariam
709 2297 872 2344 reginam
894 2295 1021 2332 Scocie
1039 2297 1142 2332 iuxta
1157 2297 1312 2343 burgum
1333 2297 1377 2332 de
1393 2297 1610 2345 Edinburgh
1627 2311 1670 2334 ex
1689 2305 1793 2346 parte

229 2367 358 2402 boriali
377 2367 535 2402 eiusdem
555 2366 650 2401 dieta
678 2364 830 2401 diocesis
856 2364 1018 2400 fundatis
1044 2364 1147 2400 nobis
1175 2377 1218 2400 ex
1243 2372 1347 2412 parte
1375 2365 1532 2401 eiusdem
1553 2365 1645 2402 dicte
1672 2368 1793 2403 nostre

230 2435 354 2484 regine
380 2436 603 2483 presentatas
632 2446 714 2470 cum
743 2446 787 2468 ex
814 2445 886 2480 qua
913 2432 1036 2469 decuit
1070 2433 1288 2469 reuerencia
1321 2433 1495 2481 recepiffe
1532 2440 1696 2470 tenorem
1731 2436 1792 2483 qui

979 2513 1003 2535 n
