2147 2964
120 2179 165 2210 43

515 305 724 343 SANCTE
753 305 1073 342 TRINITATIS
1101 307 1171 342 DE
1199 306 1534 344 EDINBURGH.
1742 313 1811 349 109

239 402 410 450 magister
426 403 511 439 dieti
531 404 719 452 hospitalis
738 405 887 441 salutem
910 433 918 440 .
940 433 946 440 .
969 433 976 440 .
997 404 1186 441 Noueritis
1206 419 1272 441 nos
1292 419 1372 441 eum
1395 434 1402 441 .
1425 433 1432 441 .
1455 435 1462 441 .
1482 407 1619 443 ass'ensu
1639 408 1809 456 prepositi

238 471 567 516 prebendariorum
593 479 629 507 et
657 473 931 520 capellanorum
953 501 960 508 .
982 501 990 508 .
1011 500 1019 508 .
1039 486 1107 520 pro
1132 474 1241 510 certis
1267 474 1505 521 pecuniarum
1525 476 1670 512 summis
1688 506 1693 512 .
1713 506 1718 511 .
1738 505 1742 510 .
1763 478 1807 512 ad

238 538 478 574 feodifirmam
494 539 657 575 dimififfe
672 540 812 576 Joanni
829 540 990 576 Edisoun
1007 547 1042 577 et
1061 542 1272 590 Margarete
1290 542 1509 579 VVeiehman
1527 546 1586 580 sue
1602 546 1725 592 sponse
1744 574 1751 581 .
1771 574 1777 580 .
1800 575 1806 582 .

237 613 272 641 et
301 606 496 642 heredibus
528 607 598 642 suis
618 636 624 643 .
647 635 653 642 .
675 635 682 642 .
703 608 868 654 quintam
898 616 1037 655 partem
1058 637 1065 644 .
1086 638 1092 644 .
1115 615 1321 645 .terrarum
1351 611 1557 648 nostrarum
1586 614 1631 648 de
1662 613 1807 661 Spittel-

236 675 358 722 inylne
390 687 471 710 cum
504 676 633 722 quinta
663 681 767 723 parte
798 676 998 711 molendini
1032 676 1190 712 eiusdem
1228 691 1335 724 quam
1368 679 1485 715 dietus
1514 679 1678 717 Joannes
1709 695 1807 718 nune

235 748 391 789 occupat
409 771 416 778 .
438 771 444 778 .
466 771 473 778 .
492 743 673 779 iacentem
701 744 798 779 infra
821 745 1114 780 vicecomitatum
1139 746 1184 780 de
1204 745 1311 793 Fyff-
1332 746 1548 782 Tenendam
1571 776 1577 783 .
1601 771 1608 783 .-
1630 777 1637 784 .
1657 750 1807 796 prefatis

237 837 244 844 .
264 838 270 844 .
289 837 296 844 .
315 816 351 846 et
370 810 566 846 heredibus
586 811 754 846 masculis
774 811 870 847 inter
889 812 984 859 ipsos
1006 840 1012 848 .
1036 840 1042 847 .
1066 840 1073 846 .
1094 814 1297 860 procreatis
1318 841 1325 849 .
1348 842 1355 849 .
1378 842 1385 849 .
1406 815 1537 862 quibus
1557 816 1806 853 deficientibus

234 878 367 914 seniori
394 879 571 915 heredum
599 879 741 915 suarum
770 880 1011 916 seminem-um
1041 882 1173 928 absque
1201 882 1378 918 diuifione
1399 911 1406 918 .
1429 911 1436 918 .
1459 911 1467 918 .
1487 884 1691 921 Reddendo
1721 886 1806 921 inde

234 947 422 983 annuatim
444 975 450 982 .
474 975 480 983 .
504 976 511 982 .
532 948 627 995 apud
654 947 784 983 dictam
813 948 999 984 ecclesiam
1019 978 1026 985 .
1051 977 1058 984 .
1082 978 1088 985 .
1109 950 1282 985 summam
1311 951 1420 986 trium
1447 951 1623 988 librarum
1651 960 1806 1001 quatuor

232 1016 426 1051 solidorum
449 1022 485 1052 et
502 1018 562 1051 sex
582 1017 816 1052 denariorum
838 1045 842 1050 .
867 1045 874 1051 .
897 1045 904 1052 .
925 1024 1098 1064 tanquam
1117 1018 1258 1054 firmam
1281 1046 1288 1054 .
1309 1046 1315 1053 .
1337 1047 1345 1054 .
1370 1020 1458 1055 solui
1479 1020 1618 1057 solitam
1636 1049 1643 1057 .
1666 1050 1673 1057 .
1696 1050 1704 1057 .
1721 1036 1806 1058 vna-

232 1097 312 1120 cum
334 1113 341 1119 .
365 1113 371 1120 .
393 1112 401 1120 .
426 1085 560 1120 summa
590 1091 747 1131 quatuor
775 1085 971 1120 solidorum
1000 1086 1036 1121 in
1066 1087 1409 1133 augmentaeionem
1430 1116 1437 1123 .
1459 1116 1466 1123 .
1489 1116 1496 1124 .
1516 1090 1629 1125 nostri
1657 1091 1806 1126 rentalis

235 1182 241 1187 .
264 1180 271 1187 .
295 1181 302 1188 .
323 1155 359 1188 in
379 1153 525 1201 integro
546 1182 553 1188 .
575 1181 582 1188 .
605 1181 612 1188 .
633 1154 805 1189 summam
834 1154 944 1189 trium
972 1154 1149 1190 librarum
1177 1157 1256 1189 octo
1283 1155 1480 1191 solidorum
1499 1163 1535 1192 et
1561 1158 1620 1193 sex
1640 1159 1805 1194 denario-

231 1234 310 1257 rum
333 1250 339 1257 .
363 1250 370 1256 .
393 1251 400 1257 .
421 1235 566 1258 necnon
590 1222 786 1270 prestando
815 1228 888 1258 tres
916 1223 1027 1258 foetas
1055 1224 1101 1258 ad
1128 1223 1199 1258 tria
1225 1224 1361 1271 placita
1380 1225 1552 1272 capitalia
1570 1227 1693 1263 nostra
1709 1230 1804 1275 apud

233 1290 454 1338 Vtherogall
474 1290 662 1326 annuatim
683 1292 844 1326 tenenda
863 1319 870 1326 .
894 1319 901 1326 .
924 1319 931 1326 .
948 1291 996 1326 Et
1015 1298 1183 1338 preterea
1204 1293 1370 1328 volumus
1389 1294 1486 1340 quod
1506 1295 1590 1331 diffi
1611 1323 1618 1330 .
1636 1324 1643 1331 .
1661 1325 1668 1332 .
1687 1298 1805 1344 capel-

234 1359 306 1393 lam
326 1358 400 1393 diui
425 1358 581 1393 Joannis
609 1359 763 1405 baptiste
791 1359 828 1394 in
857 1359 944 1394 villa
971 1360 1015 1394 de
1044 1358 1264 1407 Vtherogall
1293 1361 1457 1396 situatam
1477 1375 1542 1410 pro
1567 1370 1670 1410 parte
1689 1366 1749 1401 sua
1769 1373 1804 1401 et

234 1427 438 1474 quantitate
458 1426 517 1461 sue
535 1427 650 1473 partis
679 1432 858 1461 terrarum
887 1427 924 1461 in
954 1427 1079 1462 altaris
1107 1430 1330 1463 ornamentis
1349 1429 1645 1467 edificacionibus
1669 1439 1705 1468 et
1724 1434 1804 1469 aliis

233 1494 437 1530 nocellariis
459 1522 466 1529 .
488 1522 495 1529 .
518 1522 523 1528 .
544 1493 740 1529 sustineant
761 1522 767 1529 .
789 1521 795 1529 .
818 1522 826 1529 .
843 1494 994 1530 Prouiso
1012 1502 1132 1531 tamen
1155 1497 1251 1543 quod
1271 1497 1356 1532 diffi
1376 1525 1383 1532 .
1405 1525 1412 1532 .
1434 1526 1439 1532 .
1461 1498 1688 1536 adiuuabunt
1707 1502 1802 1537 deei-

233 1576 308 1598 mas
335 1562 504 1611 garbalas
525 1590 533 1597 .
555 1590 562 1597 .
585 1590 592 1597 .
614 1569 794 1598 terrarum
816 1590 823 1598 .
847 1590 853 1596 .
875 1590 882 1597 .
902 1562 1014 1598 michi
1042 1564 1137 1599 dieto
1166 1563 1336 1610 magistro
1364 1564 1549 1612 hospitalis
1576 1569 1802 1614 pertinentes

232 1632 277 1667 ad
297 1631 442 1666 hortum
463 1631 507 1666 de
528 1629 648 1665 Eister
664 1630 804 1666 VVemis
824 1660 830 1665 .
849 1659 855 1665 .
877 1659 884 1665 .
906 1630 1046 1677 quoties
1065 1630 1224 1677 requisiti
1243 1632 1378 1667 fuerint
1397 1633 1579 1669 adducere
1601 1662 1608 1669 .
1630 1663 1637 1670 .
1661 1664 1668 1671 .
1689 1637 1801 1684 Apud

232 1699 368 1734 dietum
386 1698 548 1733 nostrum
568 1697 764 1745 collegium
787 1698 832 1733 16
851 1698 910 1733 die
930 1698 1059 1733 menfis
1080 1698 1250 1734 Octobris
1274 1712 1370 1734 anno
1389 1699 1542 1736 Domini
1565 1705 1658 1738 1543
1679 1717 1799 1740 eoram

230 1796 237 1802 .
264 1795 272 1802 .
294 1795 301 1802 .
324 1766 492 1802 Henrico
525 1765 698 1801 Bowman
735 1765 882 1801 Joanne
919 1766 1100 1802 Rankello
1135 1766 1258 1803 Dauid
1290 1768 1509 1805 Andersoun
1547 1777 1581 1806 et
1614 1771 1800 1808 Willelmo

232 1834 448 1871 Rankelour
467 1835 505 1869 in
525 1834 748 1880 Vtherogall
767 1847 847 1870 cum
869 1834 1020 1870 diuersis
1040 1834 1130 1870 aliis.

234 2050 348 2087 Carta
371 2050 544 2086 Willelmi
565 2050 733 2086 Rankelo
753 2058 788 2086 et
809 2050 967 2086 Cristine
988 2050 1155 2098 Barclay.

234 2157 431 2213 OMNlssth
453 2202 461 2209 .
483 2202 490 2209 .
513 2202 520 2209 .
541 2174 679 2209 domini
699 2174 861 2209 ¹Iacobus
881 2173 1057 2209 Watsoun
1080 2174 1264 2222 Georgius
1283 2175 1403 2211 Kellie
1425 2176 1615 2213 Gilbertus
1634 2179 1799 2215 Cambell

234 2242 413 2289 capellani
438 2242 624 2277 WValterus
655 2240 810 2277 Stewart
838 2239 924 2290 [etc.
955 2248 992 2276 ut
1020 2242 1125 2290 supra
1154 2242 1226 2278 No.
1256 2244 1323 2290 42]
1352 2244 1501 2281 salutem
1523 2273 1530 2281 .
1552 2274 1558 2281 .
1580 2275 1588 2282 .
1610 2247 1799 2284 Noueritis

233 2323 299 2345 nos
328 2310 413 2358 [etc.
434 2316 473 2345 ut
492 2310 600 2357 supra
616 2309 689 2345 No.
708 2309 773 2357 42]
803 2309 849 2344 ad
876 2309 1116 2345 feodifirmam
1138 2338 1145 2345 .
1169 2338 1176 2345 .
1199 2339 1205 2345 .
1226 2311 1390 2348 dimififle
1411 2340 1418 2347 .
1439 2340 1447 2348 .
1471 2342 1477 2348 .
1499 2313 1684 2351 Willelmo
1704 2316 1799 2352 Ran-

233 2378 316 2413 kelo
344 2385 380 2414 et
409 2377 567 2414 Cristine
596 2377 753 2425 Barelay
780 2377 856 2412 eius
882 2376 1007 2424 sponse
1029 2405 1036 2412 .
1059 2406 1065 2413 .
1087 2406 1093 2412 .
1114 2384 1150 2414 et
1178 2378 1372 2415 heredibus
1393 2408 1400 2415 .
1422 2408 1430 2416 .
1451 2409 1458 2416 .
1478 2381 1635 2418 nostram
1663 2367 1801 2421 sextam

235 2453 372 2494 partem
395 2475 401 2482 .
423 2475 430 2482 .
452 2475 460 2482 .
479 2453 660 2483 terrarum
690 2447 735 2482 de
755 2445 975 2493 Vtherogall
1004 2459 1112 2492 quam
1141 2447 1255 2482 dietus
1284 2447 1491 2485 lVillelmus
1518 2463 1616 2487 nune
1644 2463 1799 2500 occupat
