<?xml version="1.0" encoding="UTF-8"?>
<!DOCTYPE html PUBLIC "-//W3C//DTD XHTML 1.0 Transitional//EN"
    "http://www.w3.org/TR/xhtml1/DTD/xhtml1-transitional.dtd">
<html xmlns="http://www.w3.org/1999/xhtml" xml:lang="en" lang="en">
 <head>
  <title>
</title>
<meta http-equiv="Content-Type" content="text/html;charset=utf-8" />
  <meta name='ocr-system' content='tesseract 3.04.00' />
  <meta name='ocr-capabilities' content='ocr_page ocr_carea ocr_par ocr_line ocrx_word'/>
</head>
<body>
  <div class='ocr_page' id='page_1' title='image "./registrumdomusde00lain_0395.png"; bbox 0 0 2147 2964; ppageno 0'>
   <div class='ocr_carea' id='block_1_1' title="bbox 98 2040 167 2080">
    <p class='ocr_par' dir='ltr' id='par_1_1' title="bbox 98 2040 167 2080">
     <span class='ocr_line' id='line_1_1' title="bbox 98 2040 167 2080; baseline 0 -5"><span class='ocrx_word' id='word_1_1' title='bbox 98 2040 167 2080; x_wconf 82' lang='lat'>196</span> 
     </span>
    </p>
   </div>
   <div class='ocr_carea' id='block_1_2' title="bbox 498 316 1784 356">
    <p class='ocr_par' dir='ltr' id='par_1_2' title="bbox 498 316 1784 356">
     <span class='ocr_line' id='line_1_2' title="bbox 498 316 1784 356; baseline 0.002 -2"><span class='ocrx_word' id='word_1_2' title='bbox 498 316 709 354; x_wconf 84' lang='lat' dir='ltr'>SANCTE</span> <span class='ocrx_word' id='word_1_3' title='bbox 738 316 1055 354; x_wconf 87' lang='lat' dir='ltr'><strong>TRINITATIS</strong></span> <span class='ocrx_word' id='word_1_4' title='bbox 1082 317 1152 354; x_wconf 91' lang='lat' dir='ltr'>DE</span> <span class='ocrx_word' id='word_1_5' title='bbox 1180 316 1510 354; x_wconf 87' lang='lat' dir='ltr'>EDINBURGH.</span> <span class='ocrx_word' id='word_1_6' title='bbox 1712 319 1784 356; x_wconf 81' lang='lat'>219</span> 
     </span>
    </p>
   </div>
   <div class='ocr_carea' id='block_1_3' title="bbox 220 414 1787 1887">
    <p class='ocr_par' dir='ltr' id='par_1_3' title="bbox 220 414 1787 1887">
     <span class='ocr_line' id='line_1_3' title="bbox 221 414 1782 464; baseline 0.001 -15"><span class='ocrx_word' id='word_1_7' title='bbox 221 414 267 450; x_wconf 86' lang='lat' dir='ltr'>sie</span> <span class='ocrx_word' id='word_1_8' title='bbox 295 415 489 463; x_wconf 83' lang='lat' dir='ltr'>collegiate</span> <span class='ocrx_word' id='word_1_9' title='bbox 521 415 650 452; x_wconf 69' lang='lat' dir='ltr'>San&amp;e</span> <span class='ocrx_word' id='word_1_10' title='bbox 681 416 874 452; x_wconf 86' lang='lat' dir='ltr'><strong>Trinitatis</strong></span> <span class='ocrx_word' id='word_1_11' title='bbox 905 427 1019 463; x_wconf 83' lang='lat' dir='ltr'>prope</span> <span class='ocrx_word' id='word_1_12' title='bbox 1049 415 1266 464; x_wconf 83' lang='lat' dir='ltr'>Edinburgh</span> <span class='ocrx_word' id='word_1_13' title='bbox 1296 423 1332 451; x_wconf 91' lang='lat' dir='ltr'>et</span> <span class='ocrx_word' id='word_1_14' title='bbox 1358 415 1591 464; x_wconf 85' lang='lat' dir='ltr'>prebendarii</span> <span class='ocrx_word' id='word_1_15' title='bbox 1625 415 1782 450; x_wconf 89' lang='lat' dir='ltr'>eiusdem</span> 
     </span>
     <span class='ocr_line' id='line_1_4' title="bbox 221 482 1783 533; baseline -0.001 -15"><span class='ocrx_word' id='word_1_16' title='bbox 221 483 471 530; x_wconf 81' lang='lat' dir='ltr'>capitulariter</span> <span class='ocrx_word' id='word_1_17' title='bbox 500 485 714 533; x_wconf 88' lang='lat' dir='ltr'>congregati</span> <span class='ocrx_word' id='word_1_18' title='bbox 747 484 976 520; x_wconf 82' lang='lat' dir='ltr'>causantibus</span> <span class='ocrx_word' id='word_1_19' title='bbox 1012 483 1224 530; x_wconf 81' lang='lat' dir='ltr'>quibusdam</span> <span class='ocrx_word' id='word_1_20' title='bbox 1259 483 1440 518; x_wconf 87' lang='lat' dir='ltr'>iniuriosis</span> <span class='ocrx_word' id='word_1_21' title='bbox 1476 483 1597 518; x_wconf 88' lang='lat' dir='ltr'>uerbis</span> <span class='ocrx_word' id='word_1_22' title='bbox 1631 482 1783 530; x_wconf 85' lang='lat' dir='ltr'>prolatis</span> 
     </span>
     <span class='ocr_line' id='line_1_5' title="bbox 221 550 1784 600; baseline -0.001 -14"><span class='ocrx_word' id='word_1_23' title='bbox 221 552 420 587; x_wconf 78' lang='lat' dir='ltr'><strong>enormiter</strong></span> <span class='ocrx_word' id='word_1_24' title='bbox 447 565 469 587; x_wconf 87' lang='lat' dir='ltr'>a</span> <span class='ocrx_word' id='word_1_25' title='bbox 495 553 643 588; x_wconf 90' lang='lat' dir='ltr'>domino</span> <span class='ocrx_word' id='word_1_26' title='bbox 671 552 813 588; x_wconf 87' lang='lat' dir='ltr'>Jacobo</span> <span class='ocrx_word' id='word_1_27' title='bbox 843 551 1000 600; x_wconf 58' lang='lat' dir='ltr'>iValdye</span> <span class='ocrx_word' id='word_1_28' title='bbox 1028 564 1099 587; x_wconf 88' lang='lat' dir='ltr'>vno</span> <span class='ocrx_word' id='word_1_29' title='bbox 1127 551 1451 598; x_wconf 84' lang='lat' dir='ltr'>prebendariorum</span> <span class='ocrx_word' id='word_1_30' title='bbox 1480 551 1610 598; x_wconf 85' lang='lat' dir='ltr'>prefati</span> <span class='ocrx_word' id='word_1_31' title='bbox 1639 550 1784 597; x_wconf 83' lang='lat' dir='ltr'>collegii</span> 
     </span>
     <span class='ocr_line' id='line_1_6' title="bbox 222 618 1783 667; baseline -0.001 -13"><span class='ocrx_word' id='word_1_32' title='bbox 222 620 258 654; x_wconf 88' lang='lat' dir='ltr'>in</span> <span class='ocrx_word' id='word_1_33' title='bbox 283 620 526 655; x_wconf 89' lang='lat' dir='ltr'>reuerendum</span> <span class='ocrx_word' id='word_1_34' title='bbox 553 620 774 667; x_wconf 89' lang='lat' dir='ltr'>prepositum</span> <span class='ocrx_word' id='word_1_35' title='bbox 799 620 1022 655; x_wconf 70' lang='lat' dir='ltr'>antedi&amp;um</span> <span class='ocrx_word' id='word_1_36' title='bbox 1047 620 1133 655; x_wconf 59' lang='lat' dir='ltr'>actis</span> <span class='ocrx_word' id='word_1_37' title='bbox 1158 619 1318 667; x_wconf 88' lang='lat' dir='ltr'>capitulo</span> <span class='ocrx_word' id='word_1_38' title='bbox 1346 618 1571 666; x_wconf 83' lang='lat' dir='ltr'>presentibus</span> <span class='ocrx_word' id='word_1_39' title='bbox 1596 618 1679 654; x_wconf 89' lang='lat' dir='ltr'>totis</span> <span class='ocrx_word' id='word_1_40' title='bbox 1703 630 1783 665; x_wconf 88' lang='lat' dir='ltr'>pre-</span> 
     </span>
     <span class='ocr_line' id='line_1_7' title="bbox 220 686 1782 734; baseline -0.001 -13"><span class='ocrx_word' id='word_1_41' title='bbox 220 686 404 722; x_wconf 89' lang='lat' dir='ltr'>bendariis</span> <span class='ocrx_word' id='word_1_42' title='bbox 434 686 605 734; x_wconf 83' lang='lat' dir='ltr'>vigesimo</span> <span class='ocrx_word' id='word_1_43' title='bbox 638 688 747 723; x_wconf 88' lang='lat' dir='ltr'>tertio</span> <span class='ocrx_word' id='word_1_44' title='bbox 779 688 837 722; x_wconf 89' lang='lat' dir='ltr'>die</span> <span class='ocrx_word' id='word_1_45' title='bbox 868 686 997 722; x_wconf 79' lang='lat' dir='ltr'>mensis</span> <span class='ocrx_word' id='word_1_46' title='bbox 1024 695 1060 723; x_wconf 89' lang='lat' dir='ltr'>et</span> <span class='ocrx_word' id='word_1_47' title='bbox 1091 699 1187 722; x_wconf 86' lang='lat' dir='ltr'>anno</span> <span class='ocrx_word' id='word_1_48' title='bbox 1214 686 1477 734; x_wconf 85' lang='lat' dir='ltr'>prenominatis</span> <span class='ocrx_word' id='word_1_49' title='bbox 1509 691 1544 721; x_wconf 87' lang='lat' dir='ltr'>et</span> <span class='ocrx_word' id='word_1_50' title='bbox 1569 686 1782 732; x_wconf 75' lang='lat' dir='ltr'>prohibente</span> 
     </span>
     <span class='ocr_line' id='line_1_8' title="bbox 220 753 1782 790; baseline 0 -2"><span class='ocrx_word' id='word_1_51' title='bbox 220 754 346 789; x_wconf 88' lang='lat' dir='ltr'>eodem</span> <span class='ocrx_word' id='word_1_52' title='bbox 367 755 514 790; x_wconf 86' lang='lat' dir='ltr'>domino</span> <span class='ocrx_word' id='word_1_53' title='bbox 533 755 559 790; x_wconf 84' lang='lat' dir='ltr'>J</span> <span class='ocrx_word' id='word_1_54' title='bbox 562 755 675 790; x_wconf 87' lang='lat' dir='ltr'>acobo</span> <span class='ocrx_word' id='word_1_55' title='bbox 698 755 768 790; x_wconf 90' lang='lat' dir='ltr'>fide</span> <span class='ocrx_word' id='word_1_56' title='bbox 795 755 915 790; x_wconf 87' lang='lat' dir='ltr'>media</span> <span class='ocrx_word' id='word_1_57' title='bbox 941 755 1185 790; x_wconf 88' lang='lat' dir='ltr'>iuramentum</span> <span class='ocrx_word' id='word_1_58' title='bbox 1212 753 1305 788; x_wconf 88' lang='lat' dir='ltr'>stare</span> <span class='ocrx_word' id='word_1_59' title='bbox 1329 754 1477 788; x_wconf 84' lang='lat' dir='ltr'>decreto</span> <span class='ocrx_word' id='word_1_60' title='bbox 1501 753 1729 788; x_wconf 86' lang='lat' dir='ltr'>ordinacioni</span> <span class='ocrx_word' id='word_1_61' title='bbox 1749 760 1782 788; x_wconf 79' lang='lat' dir='ltr'>et</span> 
     </span>
     <span class='ocr_line' id='line_1_9' title="bbox 220 821 1783 870; baseline 0 -14"><span class='ocrx_word' id='word_1_62' title='bbox 220 822 392 857; x_wconf 90' lang='lat' dir='ltr'>mandato</span> <span class='ocrx_word' id='word_1_63' title='bbox 411 823 656 870; x_wconf 68' lang='lat' dir='ltr'>predi&amp;orum</span> <span class='ocrx_word' id='word_1_64' title='bbox 676 822 847 870; x_wconf 87' lang='lat' dir='ltr'>prepositi</span> <span class='ocrx_word' id='word_1_65' title='bbox 868 829 903 858; x_wconf 94' lang='lat' dir='ltr'>et</span> <span class='ocrx_word' id='word_1_66' title='bbox 922 822 1072 869; x_wconf 87' lang='lat' dir='ltr'>capituli</span> <span class='ocrx_word' id='word_1_67' title='bbox 1096 822 1249 868; x_wconf 87' lang='lat' dir='ltr'>persona</span> <span class='ocrx_word' id='word_1_68' title='bbox 1268 828 1303 856; x_wconf 92' lang='lat' dir='ltr'>et</span> <span class='ocrx_word' id='word_1_69' title='bbox 1321 821 1401 856; x_wconf 93' lang='lat' dir='ltr'>loco</span> <span class='ocrx_word' id='word_1_70' title='bbox 1421 821 1647 856; x_wconf 88' lang='lat' dir='ltr'>acriditatem</span> <span class='ocrx_word' id='word_1_71' title='bbox 1666 822 1783 869; x_wconf 89' lang='lat' dir='ltr'>postu-</span> 
     </span>
     <span class='ocr_line' id='line_1_10' title="bbox 221 888 1783 936; baseline 0 -12"><span class='ocrx_word' id='word_1_72' title='bbox 221 890 380 925; x_wconf 82' lang='lat' dir='ltr'>lantibus</span> <span class='ocrx_word' id='word_1_73' title='bbox 399 890 622 926; x_wconf 88' lang='lat' dir='ltr'>inuenerunt</span> <span class='ocrx_word' id='word_1_74' title='bbox 640 891 827 926; x_wconf 89' lang='lat' dir='ltr'>dominum</span> <span class='ocrx_word' id='word_1_75' title='bbox 847 890 1027 925; x_wconf 87' lang='lat' dir='ltr'>Jacobum</span> <span class='ocrx_word' id='word_1_76' title='bbox 1054 888 1214 925; x_wconf 80' lang='lat' dir='ltr'>incidisse</span> <span class='ocrx_word' id='word_1_77' title='bbox 1241 891 1277 924; x_wconf 93' lang='lat' dir='ltr'>in</span> <span class='ocrx_word' id='word_1_78' title='bbox 1296 901 1427 936; x_wconf 85' lang='lat' dir='ltr'>penam</span> <span class='ocrx_word' id='word_1_79' title='bbox 1445 889 1560 924; x_wconf 87' lang='lat' dir='ltr'>decim</span> <span class='ocrx_word' id='word_1_80' title='bbox 1580 901 1783 925; x_wconf 88' lang='lat' dir='ltr'>marcarum</span> 
     </span>
     <span class='ocr_line' id='line_1_11' title="bbox 220 957 1784 1005; baseline -0.001 -12"><span class='ocrx_word' id='word_1_81' title='bbox 220 970 285 1005; x_wconf 88' lang='lat' dir='ltr'>per</span> <span class='ocrx_word' id='word_1_82' title='bbox 305 970 415 993; x_wconf 89' lang='lat' dir='ltr'>vnum</span> <span class='ocrx_word' id='word_1_83' title='bbox 441 960 558 994; x_wconf 68' lang='lat' dir='ltr'>a&amp;um</span> <span class='ocrx_word' id='word_1_84' title='bbox 588 959 693 1005; x_wconf 85' lang='lat' dir='ltr'>super</span> <span class='ocrx_word' id='word_1_85' title='bbox 711 958 837 993; x_wconf 87' lang='lat' dir='ltr'>eodem</span> <span class='ocrx_word' id='word_1_86' title='bbox 858 958 1006 993; x_wconf 89' lang='lat' dir='ltr'>domino</span> <span class='ocrx_word' id='word_1_87' title='bbox 1024 957 1166 994; x_wconf 86' lang='lat' dir='ltr'>Jacobo</span> <span class='ocrx_word' id='word_1_88' title='bbox 1186 958 1317 993; x_wconf 54' lang='lat' dir='ltr'>fastum</span> <span class='ocrx_word' id='word_1_89' title='bbox 1346 958 1395 993; x_wconf 84' lang='lat' dir='ltr'>xi⁰</span> <span class='ocrx_word' id='word_1_90' title='bbox 1413 957 1472 992; x_wconf 90' lang='lat' dir='ltr'>die</span> <span class='ocrx_word' id='word_1_91' title='bbox 1500 958 1628 992; x_wconf 88' lang='lat' dir='ltr'>mensis</span> <span class='ocrx_word' id='word_1_92' title='bbox 1646 957 1784 1004; x_wconf 77' lang='lat' dir='ltr'>Aprilis</span> 
     </span>
     <span class='ocr_line' id='line_1_12' title="bbox 220 1025 1783 1074; baseline 0 -13"><span class='ocrx_word' id='word_1_93' title='bbox 220 1038 317 1061; x_wconf 88' lang='lat' dir='ltr'>anno</span> <span class='ocrx_word' id='word_1_94' title='bbox 347 1025 495 1061; x_wconf 86' lang='lat' dir='ltr'>Domini</span> <span class='ocrx_word' id='word_1_95' title='bbox 525 1031 573 1061; x_wconf 89' lang='lat' dir='ltr'>m⁰</span> <span class='ocrx_word' id='word_1_96' title='bbox 601 1032 635 1062; x_wconf 81' lang='lat' dir='ltr'>vc</span> <span class='ocrx_word' id='word_1_97' title='bbox 659 1026 831 1074; x_wconf 87' lang='lat' dir='ltr'>vigesimo</span> <span class='ocrx_word' id='word_1_98' title='bbox 863 1027 960 1062; x_wconf 83' lang='lat' dir='ltr'>sexto</span> <span class='ocrx_word' id='word_1_99' title='bbox 991 1039 1057 1073; x_wconf 92' lang='lat' dir='ltr'>per</span> <span class='ocrx_word' id='word_1_100' title='bbox 1084 1027 1328 1062; x_wconf 86' lang='lat' dir='ltr'>reuerendum</span> <span class='ocrx_word' id='word_1_101' title='bbox 1356 1027 1538 1073; x_wconf 88' lang='lat' dir='ltr'>quondam</span> <span class='ocrx_word' id='word_1_102' title='bbox 1567 1027 1661 1062; x_wconf 88' lang='lat' dir='ltr'>bone</span> <span class='ocrx_word' id='word_1_103' title='bbox 1690 1027 1783 1062; x_wconf 86' lang='lat' dir='ltr'>fame</span> 
     </span>
     <span class='ocr_line' id='line_1_13' title="bbox 221 1094 1785 1143; baseline 0.001 -14"><span class='ocrx_word' id='word_1_104' title='bbox 221 1095 408 1129; x_wconf 84' lang='lat' dir='ltr'>(lominum</span> <span class='ocrx_word' id='word_1_105' title='bbox 439 1094 622 1130; x_wconf 87' lang='lat' dir='ltr'>Joannem</span> <span class='ocrx_word' id='word_1_106' title='bbox 654 1094 827 1142; x_wconf 85' lang='lat' dir='ltr'>Dingwel</span> <span class='ocrx_word' id='word_1_107' title='bbox 857 1094 1078 1141; x_wconf 82' lang='lat' dir='ltr'>prepositum</span> <span class='ocrx_word' id='word_1_108' title='bbox 1109 1102 1145 1130; x_wconf 83' lang='lat' dir='ltr'>et</span> <span class='ocrx_word' id='word_1_109' title='bbox 1177 1094 1375 1141; x_wconf 88' lang='lat' dir='ltr'>capitulum</span> <span class='ocrx_word' id='word_1_110' title='bbox 1406 1094 1537 1141; x_wconf 87' lang='lat' dir='ltr'>prefati</span> <span class='ocrx_word' id='word_1_111' title='bbox 1570 1095 1714 1143; x_wconf 85' lang='lat' dir='ltr'>collegii</span> <span class='ocrx_word' id='word_1_112' title='bbox 1747 1103 1785 1130; x_wconf 81' lang='lat' dir='ltr'>ut</span> 
     </span>
     <span class='ocr_line' id='line_1_14' title="bbox 221 1162 1782 1210; baseline 0.001 -13"><span class='ocrx_word' id='word_1_113' title='bbox 221 1162 334 1197; x_wconf 90' lang='lat' dir='ltr'>lacius</span> <span class='ocrx_word' id='word_1_114' title='bbox 362 1162 572 1198; x_wconf 86' lang='lat' dir='ltr'>continetur</span> <span class='ocrx_word' id='word_1_115' title='bbox 600 1163 637 1197; x_wconf 90' lang='lat' dir='ltr'>in</span> <span class='ocrx_word' id='word_1_116' title='bbox 662 1162 789 1199; x_wconf 89' lang='lat' dir='ltr'>eodem</span> <span class='ocrx_word' id='word_1_117' title='bbox 816 1162 911 1197; x_wconf 89' lang='lat' dir='ltr'>libro</span> <span class='ocrx_word' id='word_1_118' title='bbox 939 1162 1125 1198; x_wconf 91' lang='lat' dir='ltr'>tuentibus</span> <span class='ocrx_word' id='word_1_119' title='bbox 1144 1183 1150 1189; x_wconf 90' lang='lat'><strong>·</strong></span> <span class='ocrx_word' id='word_1_120' title='bbox 1172 1162 1395 1210; x_wconf 88' lang='lat' dir='ltr'>Quiquidem</span> <span class='ocrx_word' id='word_1_121' title='bbox 1413 1162 1615 1210; x_wconf 86' lang='lat' dir='ltr'>prepositus</span> <span class='ocrx_word' id='word_1_122' title='bbox 1634 1169 1670 1198; x_wconf 90' lang='lat' dir='ltr'>et</span> <span class='ocrx_word' id='word_1_123' title='bbox 1689 1163 1782 1210; x_wconf 88' lang='lat' dir='ltr'>capi-</span> 
     </span>
     <span class='ocr_line' id='line_1_15' title="bbox 222 1230 1783 1278; baseline 0.001 -14"><span class='ocrx_word' id='word_1_124' title='bbox 222 1230 336 1265; x_wconf 85' lang='lat' dir='ltr'>tulum</span> <span class='ocrx_word' id='word_1_125' title='bbox 365 1230 555 1276; x_wconf 88' lang='lat' dir='ltr'>sequentes</span> <span class='ocrx_word' id='word_1_126' title='bbox 583 1238 618 1265; x_wconf 88' lang='lat' dir='ltr'>ct</span> <span class='ocrx_word' id='word_1_127' title='bbox 645 1236 922 1278; x_wconf 84' lang='lat' dir='ltr'>augmentantes</span> <span class='ocrx_word' id='word_1_128' title='bbox 950 1231 1104 1265; x_wconf 89' lang='lat' dir='ltr'>eundem</span> <span class='ocrx_word' id='word_1_129' title='bbox 1133 1232 1250 1265; x_wconf 64' lang='lat' dir='ltr'>astum</span> <span class='ocrx_word' id='word_1_130' title='bbox 1278 1243 1359 1265; x_wconf 89' lang='lat' dir='ltr'>cum</span> <span class='ocrx_word' id='word_1_131' title='bbox 1382 1230 1611 1277; x_wconf 81' lang='lat' dir='ltr'>mitigatione</span> <span class='ocrx_word' id='word_1_132' title='bbox 1631 1231 1783 1277; x_wconf 83' lang='lat' dir='ltr'>quadam</span> 
     </span>
     <span class='ocr_line' id='line_1_16' title="bbox 222 1296 1785 1345; baseline 0.001 -13"><span class='ocrx_word' id='word_1_133' title='bbox 222 1304 257 1332; x_wconf 85' lang='lat' dir='ltr'>et</span> <span class='ocrx_word' id='word_1_134' title='bbox 284 1296 447 1332; x_wconf 83' lang='lat' dir='ltr'>fraterno</span> <span class='ocrx_word' id='word_1_135' title='bbox 476 1310 598 1333; x_wconf 87' lang='lat' dir='ltr'>amore</span> <span class='ocrx_word' id='word_1_136' title='bbox 628 1298 871 1333; x_wconf 85' lang='lat' dir='ltr'>decreuerunt</span> <span class='ocrx_word' id='word_1_137' title='bbox 900 1297 1144 1345; x_wconf 68' lang='lat' dir='ltr'>supradictum</span> <span class='ocrx_word' id='word_1_138' title='bbox 1173 1297 1359 1332; x_wconf 90' lang='lat' dir='ltr'>dominum</span> <span class='ocrx_word' id='word_1_139' title='bbox 1377 1296 1555 1333; x_wconf 86' lang='lat' dir='ltr'>Jacobum</span> <span class='ocrx_word' id='word_1_140' title='bbox 1587 1298 1785 1334; x_wconf 79' lang='lat' dir='ltr'>satisfacere</span> 
     </span>
     <span class='ocr_line' id='line_1_17' title="bbox 223 1364 1784 1413; baseline 0.001 -13"><span class='ocrx_word' id='word_1_141' title='bbox 223 1365 407 1401; x_wconf 57' lang='lat' dir='ltr'>colleaori</span> <span class='ocrx_word' id='word_1_142' title='bbox 427 1364 592 1400; x_wconf 87' lang='lat' dir='ltr'>existenti</span> <span class='ocrx_word' id='word_1_143' title='bbox 616 1378 684 1412; x_wconf 85' lang='lat' dir='ltr'>pro</span> <span class='ocrx_word' id='word_1_144' title='bbox 711 1371 874 1412; x_wconf 86' lang='lat' dir='ltr'>tempore</span> <span class='ocrx_word' id='word_1_145' title='bbox 898 1365 1095 1412; x_wconf 61' lang='lat' dir='ltr'>prediStam</span> <span class='ocrx_word' id='word_1_146' title='bbox 1122 1365 1292 1399; x_wconf 88' lang='lat' dir='ltr'>summam</span> <span class='ocrx_word' id='word_1_147' title='bbox 1313 1377 1334 1398; x_wconf 83' lang='lat' dir='ltr'>x</span> <span class='ocrx_word' id='word_1_148' title='bbox 1354 1377 1558 1400; x_wconf 88' lang='lat' dir='ltr'>marcarum</span> <span class='ocrx_word' id='word_1_149' title='bbox 1586 1366 1624 1400; x_wconf 88' lang='lat' dir='ltr'>in</span> <span class='ocrx_word' id='word_1_150' title='bbox 1642 1378 1784 1413; x_wconf 84' lang='lat' dir='ltr'>repara—</span> 
     </span>
     <span class='ocr_line' id='line_1_18' title="bbox 225 1431 1785 1481; baseline 0.001 -13"><span class='ocrx_word' id='word_1_151' title='bbox 225 1435 365 1468; x_wconf 88' lang='lat' dir='ltr'>cionem</span> <span class='ocrx_word' id='word_1_152' title='bbox 387 1432 524 1468; x_wconf 84' lang='lat' dir='ltr'>fabrice</span> <span class='ocrx_word' id='word_1_153' title='bbox 543 1433 704 1480; x_wconf 67' lang='lat' dir='ltr'>predi&amp;e</span> <span class='ocrx_word' id='word_1_154' title='bbox 724 1432 797 1468; x_wconf 88' lang='lat' dir='ltr'>fine</span> <span class='ocrx_word' id='word_1_155' title='bbox 818 1433 890 1468; x_wconf 87' lang='lat' dir='ltr'>vlla</span> <span class='ocrx_word' id='word_1_156' title='bbox 917 1433 1138 1480; x_wconf 82' lang='lat' dir='ltr'>excepcione</span> <span class='ocrx_word' id='word_1_157' title='bbox 1158 1431 1310 1479; x_wconf 88' lang='lat' dir='ltr'>strepitu</span> <span class='ocrx_word' id='word_1_158' title='bbox 1336 1438 1371 1467; x_wconf 89' lang='lat' dir='ltr'>et</span> <span class='ocrx_word' id='word_1_159' title='bbox 1398 1432 1533 1468; x_wconf 91' lang='lat' dir='ltr'>iudicio</span> <span class='ocrx_word' id='word_1_160' title='bbox 1553 1432 1577 1467; x_wconf 91' lang='lat' dir='ltr'>si</span> <span class='ocrx_word' id='word_1_161' title='bbox 1597 1434 1785 1481; x_wconf 87' lang='lat' dir='ltr'>contingat</span> 
     </span>
     <span class='ocr_line' id='line_1_19' title="bbox 225 1500 1785 1549; baseline 0.001 -14"><span class='ocrx_word' id='word_1_162' title='bbox 225 1502 338 1548; x_wconf 89' lang='lat' dir='ltr'>ipsum</span> <span class='ocrx_word' id='word_1_163' title='bbox 359 1501 394 1536; x_wconf 91' lang='lat' dir='ltr'>in</span> <span class='ocrx_word' id='word_1_164' title='bbox 415 1501 566 1549; x_wconf 86' lang='lat' dir='ltr'>posteris</span> <span class='ocrx_word' id='word_1_165' title='bbox 585 1507 797 1549; x_wconf 83' lang='lat' dir='ltr'>perpetrare</span> <span class='ocrx_word' id='word_1_166' title='bbox 824 1501 973 1536; x_wconf 88' lang='lat' dir='ltr'>iniurias</span> <span class='ocrx_word' id='word_1_167' title='bbox 1001 1500 1206 1546; x_wconf 88' lang='lat' dir='ltr'>cuicunque</span> <span class='ocrx_word' id='word_1_168' title='bbox 1234 1500 1343 1546; x_wconf 85' lang='lat' dir='ltr'>capiti</span> <span class='ocrx_word' id='word_1_169' title='bbox 1363 1500 1421 1535; x_wconf 86' lang='lat' dir='ltr'>vel</span> <span class='ocrx_word' id='word_1_170' title='bbox 1447 1501 1607 1536; x_wconf 90' lang='lat' dir='ltr'>membro</span> <span class='ocrx_word' id='word_1_171' title='bbox 1633 1501 1702 1537; x_wconf 92' lang='lat' dir='ltr'>loci</span> <span class='ocrx_word' id='word_1_172' title='bbox 1721 1514 1785 1549; x_wconf 86' lang='lat' dir='ltr'>per</span> 
     </span>
     <span class='ocr_line' id='line_1_20' title="bbox 225 1567 1786 1616; baseline 0 -12"><span class='ocrx_word' id='word_1_173' title='bbox 225 1569 381 1604; x_wconf 86' lang='lat' dir='ltr'>eundem</span> <span class='ocrx_word' id='word_1_174' title='bbox 401 1570 519 1604; x_wconf 66' lang='lat' dir='ltr'>astum</span> <span class='ocrx_word' id='word_1_175' title='bbox 538 1569 774 1616; x_wconf 90' lang='lat' dir='ltr'>subscriptum</span> <span class='ocrx_word' id='word_1_176' title='bbox 794 1568 864 1604; x_wconf 87' lang='lat' dir='ltr'>suis</span> <span class='ocrx_word' id='word_1_177' title='bbox 882 1568 1208 1615; x_wconf 86' lang='lat' dir='ltr'>subscripcionibus</span> <span class='ocrx_word' id='word_1_178' title='bbox 1222 1567 1451 1603; x_wconf 83' lang='lat' dir='ltr'>manualibus</span> <span class='ocrx_word' id='word_1_179' title='bbox 1465 1580 1507 1603; x_wconf 90' lang='lat' dir='ltr'>ac</span> <span class='ocrx_word' id='word_1_180' title='bbox 1521 1568 1786 1616; x_wconf 89' lang='lat' dir='ltr'>subscripcione</span> 
     </span>
     <span class='ocr_line' id='line_1_21' title="bbox 226 1635 1787 1684; baseline 0 -12"><span class='ocrx_word' id='word_1_181' title='bbox 226 1636 379 1684; x_wconf 71' lang='lat' dir='ltr'>prediffi</span> <span class='ocrx_word' id='word_1_182' title='bbox 398 1636 537 1671; x_wconf 88' lang='lat' dir='ltr'>domini</span> <span class='ocrx_word' id='word_1_183' title='bbox 551 1636 683 1672; x_wconf 81' lang='lat' dir='ltr'>Jacobi</span> <span class='ocrx_word' id='word_1_184' title='bbox 702 1636 756 1672; x_wconf 88' lang='lat' dir='ltr'>rei</span> <span class='ocrx_word' id='word_1_185' title='bbox 775 1636 812 1671; x_wconf 90' lang='lat' dir='ltr'>in</span> <span class='ocrx_word' id='word_1_186' title='bbox 831 1636 1107 1671; x_wconf 87' lang='lat' dir='ltr'>roboracionem</span> <span class='ocrx_word' id='word_1_187' title='bbox 1128 1635 1279 1682; x_wconf 70' lang='lat' dir='ltr'>prediffl</span> <span class='ocrx_word' id='word_1_188' title='bbox 1300 1635 1366 1670; x_wconf 62' lang='lat' dir='ltr'>aeti</span> <span class='ocrx_word' id='word_1_189' title='bbox 1387 1648 1483 1670; x_wconf 90' lang='lat' dir='ltr'>anno</span> <span class='ocrx_word' id='word_1_190' title='bbox 1502 1635 1653 1671; x_wconf 89' lang='lat' dir='ltr'>Domini</span> <span class='ocrx_word' id='word_1_191' title='bbox 1673 1637 1732 1672; x_wconf 89' lang='lat' dir='ltr'>die</span> <span class='ocrx_word' id='word_1_192' title='bbox 1751 1644 1787 1672; x_wconf 88' lang='lat' dir='ltr'>ct</span> 
     </span>
     <span class='ocr_line' id='line_1_22' title="bbox 227 1704 630 1751; baseline -0.002 -11"><span class='ocrx_word' id='word_1_193' title='bbox 227 1705 347 1740; x_wconf 89' lang='lat' dir='ltr'>mense</span> <span class='ocrx_word' id='word_1_194' title='bbox 366 1704 496 1751; x_wconf 90' lang='lat' dir='ltr'>quibus</span> <span class='ocrx_word' id='word_1_195' title='bbox 512 1704 630 1751; x_wconf 87' lang='lat' dir='ltr'>supra.</span> 
     </span>
     <span class='ocr_line' id='line_1_23' title="bbox 277 1770 1726 1818; baseline -0.001 -11"><span class='ocrx_word' id='word_1_196' title='bbox 277 1771 460 1807; x_wconf 64' lang='lat' dir='ltr'>Donmus</span> <span class='ocrx_word' id='word_1_197' title='bbox 479 1770 681 1807; x_wconf 78' lang='lat' dir='ltr'>GEonGms</span> <span class='ocrx_word' id='word_1_198' title='bbox 699 1770 983 1807; x_wconf 77' lang='lat' dir='ltr'><strong>CLAPPERTOUN</strong></span> <span class='ocrx_word' id='word_1_199' title='bbox 1085 1771 1255 1806; x_wconf 80' lang='lat' dir='ltr'><strong>JACOBUS</strong></span> <span class='ocrx_word' id='word_1_200' title='bbox 1277 1770 1423 1805; x_wconf 61' lang='lat' dir='ltr'>WAtm·</span> <span class='ocrx_word' id='word_1_201' title='bbox 1444 1782 1552 1805; x_wconf 88' lang='lat' dir='ltr'>manu</span> <span class='ocrx_word' id='word_1_202' title='bbox 1570 1773 1726 1818; x_wconf 85' lang='lat' dir='ltr'>propria.</span> 
     </span>
     <span class='ocr_line' id='line_1_24' title="bbox 327 1837 1004 1887; baseline 0 -14"><span class='ocrx_word' id='word_1_203' title='bbox 327 1838 528 1885; x_wconf 83' lang='lat' dir='ltr'>prepositus</span> <span class='ocrx_word' id='word_1_204' title='bbox 544 1837 631 1887; x_wconf 88' lang='lat' dir='ltr'>[etc.</span> <span class='ocrx_word' id='word_1_205' title='bbox 646 1839 803 1885; x_wconf 89' lang='lat' dir='ltr'>utsupra</span> <span class='ocrx_word' id='word_1_206' title='bbox 816 1838 887 1874; x_wconf 93' lang='lat' dir='ltr'>No.</span> <span class='ocrx_word' id='word_1_207' title='bbox 905 1838 1004 1885; x_wconf 66' lang='lat'>194]</span> 
     </span>
    </p>
   </div>
   <div class='ocr_carea' id='block_1_4' title="bbox 231 2026 1791 2497">
    <p class='ocr_par' dir='ltr' id='par_1_4' title="bbox 231 2026 1791 2497">
     <span class='ocr_line' id='line_1_25' title="bbox 231 2026 1789 2088; baseline -0.003 -8"><span class='ocrx_word' id='word_1_208' title='bbox 231 2026 405 2080; x_wconf 72' lang='lat' dir='ltr'>Dncmo</span> <span class='ocrx_word' id='word_1_209' title='bbox 424 2043 533 2079; x_wconf 88' lang='lat' dir='ltr'>tertio</span> <span class='ocrx_word' id='word_1_210' title='bbox 551 2043 609 2079; x_wconf 89' lang='lat' dir='ltr'>die</span> <span class='ocrx_word' id='word_1_211' title='bbox 629 2042 758 2078; x_wconf 88' lang='lat' dir='ltr'>mensis</span> <span class='ocrx_word' id='word_1_212' title='bbox 776 2041 944 2077; x_wconf 86' lang='lat' dir='ltr'>Januarii</span> <span class='ocrx_word' id='word_1_213' title='bbox 964 2053 1059 2076; x_wconf 88' lang='lat' dir='ltr'>anno</span> <span class='ocrx_word' id='word_1_214' title='bbox 1079 2039 1229 2075; x_wconf 91' lang='lat' dir='ltr'>Domini</span> <span class='ocrx_word' id='word_1_215' title='bbox 1249 2046 1297 2075; x_wconf 73' lang='lat' dir='ltr'>m⁰</span> <span class='ocrx_word' id='word_1_216' title='bbox 1317 2043 1350 2075; x_wconf 79' lang='lat' dir='ltr'>v⁰</span> <span class='ocrx_word' id='word_1_217' title='bbox 1367 2040 1660 2088; x_wconf 83' lang='lat' dir='ltr'>quinquagesimo</span> <span class='ocrx_word' id='word_1_218' title='bbox 1679 2062 1686 2068; x_wconf 87' lang='lat'><strong>·</strong></span> <span class='ocrx_word' id='word_1_219' title='bbox 1706 2041 1789 2084; x_wconf 88' lang='lat' dir='ltr'>Quo</span> 
     </span>
     <span class='ocr_line' id='line_1_26' title="bbox 232 2108 1790 2159; baseline -0.001 -13"><span class='ocrx_word' id='word_1_220' title='bbox 232 2111 290 2146; x_wconf 89' lang='lat' dir='ltr'>die</span> <span class='ocrx_word' id='word_1_221' title='bbox 318 2112 485 2159; x_wconf 84' lang='lat' dir='ltr'>egregius</span> <span class='ocrx_word' id='word_1_222' title='bbox 513 2111 568 2146; x_wconf 90' lang='lat' dir='ltr'>vir</span> <span class='ocrx_word' id='word_1_223' title='bbox 589 2110 762 2150; x_wconf 79' lang='lat' dir='ltr'>¹dominus</span> <span class='ocrx_word' id='word_1_224' title='bbox 791 2109 974 2156; x_wconf 86' lang='lat' dir='ltr'>Georgius</span> <span class='ocrx_word' id='word_1_225' title='bbox 1003 2108 1253 2155; x_wconf 89' lang='lat' dir='ltr'>Clappertoun</span> <span class='ocrx_word' id='word_1_226' title='bbox 1281 2108 1480 2155; x_wconf 89' lang='lat' dir='ltr'>prepositus</span> <span class='ocrx_word' id='word_1_227' title='bbox 1507 2109 1656 2144; x_wconf 88' lang='lat' dir='ltr'>ecclesie</span> <span class='ocrx_word' id='word_1_228' title='bbox 1683 2109 1790 2145; x_wconf 88' lang='lat' dir='ltr'>colle-</span> 
     </span>
     <span class='ocr_line' id='line_1_27' title="bbox 233 2176 1791 2226; baseline -0.001 -13"><span class='ocrx_word' id='word_1_229' title='bbox 233 2178 330 2226; x_wconf 86' lang='lat' dir='ltr'>giate</span> <span class='ocrx_word' id='word_1_230' title='bbox 351 2177 481 2215; x_wconf 62' lang='lat' dir='ltr'>Sanfioe</span> <span class='ocrx_word' id='word_1_231' title='bbox 499 2177 694 2213; x_wconf 83' lang='lat' dir='ltr'>Trinitatis</span> <span class='ocrx_word' id='word_1_232' title='bbox 712 2189 826 2224; x_wconf 89' lang='lat' dir='ltr'>prope</span> <span class='ocrx_word' id='word_1_233' title='bbox 841 2176 1095 2224; x_wconf 84' lang='lat' dir='ltr'>Edinburgum</span> <span class='ocrx_word' id='word_1_234' title='bbox 1115 2183 1151 2213; x_wconf 91' lang='lat' dir='ltr'>et</span> <span class='ocrx_word' id='word_1_235' title='bbox 1170 2176 1369 2224; x_wconf 88' lang='lat' dir='ltr'>capitulum</span> <span class='ocrx_word' id='word_1_236' title='bbox 1388 2176 1527 2223; x_wconf 86' lang='lat' dir='ltr'>prefate</span> <span class='ocrx_word' id='word_1_237' title='bbox 1544 2177 1692 2212; x_wconf 88' lang='lat' dir='ltr'>ecclesie</span> <span class='ocrx_word' id='word_1_238' title='bbox 1707 2189 1791 2213; x_wconf 91' lang='lat' dir='ltr'>con—</span> 
     </span>
     <span class='ocr_line' id='line_1_28' title="bbox 233 2243 1791 2294; baseline -0.002 -12"><span class='ocrx_word' id='word_1_239' title='bbox 233 2252 422 2294; x_wconf 86' lang='lat' dir='ltr'>gregatum</span> <span class='ocrx_word' id='word_1_240' title='bbox 451 2252 550 2281; x_wconf 90' lang='lat' dir='ltr'>mota</span> <span class='ocrx_word' id='word_1_241' title='bbox 580 2246 729 2293; x_wconf 87' lang='lat' dir='ltr'>querela</span> <span class='ocrx_word' id='word_1_242' title='bbox 761 2245 896 2280; x_wconf 89' lang='lat' dir='ltr'>domini</span> <span class='ocrx_word' id='word_1_243' title='bbox 927 2244 1083 2280; x_wconf 88' lang='lat' dir='ltr'>Joannis</span> <span class='ocrx_word' id='word_1_244' title='bbox 1115 2244 1292 2286; x_wconf 88' lang='lat' dir='ltr'>Ballintin</span> <span class='ocrx_word' id='word_1_245' title='bbox 1329 2243 1433 2279; x_wconf 86' lang='lat' dir='ltr'>vuius</span> <span class='ocrx_word' id='word_1_246' title='bbox 1466 2244 1791 2291; x_wconf 86' lang='lat' dir='ltr'>prebendariorum</span> 
     </span>
     <span class='ocr_line' id='line_1_29' title="bbox 233 2311 1791 2363; baseline -0.003 -12"><span class='ocrx_word' id='word_1_247' title='bbox 233 2315 386 2362; x_wconf 56' lang='lat' dir='ltr'>predicti</span> <span class='ocrx_word' id='word_1_248' title='bbox 411 2315 555 2363; x_wconf 87' lang='lat' dir='ltr'>collegii</span> <span class='ocrx_word' id='word_1_249' title='bbox 582 2314 799 2350; x_wconf 85' lang='lat' dir='ltr'>iniuriarum</span> <span class='ocrx_word' id='word_1_250' title='bbox 828 2314 1000 2349; x_wconf 65' lang='lat' dir='ltr'>factarum</span> <span class='ocrx_word' id='word_1_251' title='bbox 1027 2324 1093 2359; x_wconf 88' lang='lat' dir='ltr'>per</span> <span class='ocrx_word' id='word_1_252' title='bbox 1112 2311 1297 2347; x_wconf 89' lang='lat' dir='ltr'>dominum</span> <span class='ocrx_word' id='word_1_253' title='bbox 1316 2311 1519 2347; x_wconf 85' lang='lat' dir='ltr'>Walterum</span> <span class='ocrx_word' id='word_1_254' title='bbox 1543 2311 1791 2347; x_wconf 87' lang='lat' dir='ltr'>Haliburtoun</span> 
     </span>
     <span class='ocr_line' id='line_1_30' title="bbox 234 2379 1791 2430; baseline -0.003 -11"><span class='ocrx_word' id='word_1_255' title='bbox 234 2382 463 2430; x_wconf 86' lang='lat' dir='ltr'>capellanum</span> <span class='ocrx_word' id='word_1_256' title='bbox 495 2382 653 2418; x_wconf 90' lang='lat' dir='ltr'>eiusdem</span> <span class='ocrx_word' id='word_1_257' title='bbox 685 2381 891 2418; x_wconf 85' lang='lat' dir='ltr'>examinata</span> <span class='ocrx_word' id='word_1_258' title='bbox 919 2381 1025 2417; x_wconf 87' lang='lat' dir='ltr'>causa</span> <span class='ocrx_word' id='word_1_259' title='bbox 1055 2387 1091 2415; x_wconf 87' lang='lat' dir='ltr'>et</span> <span class='ocrx_word' id='word_1_260' title='bbox 1117 2380 1296 2427; x_wconf 85' lang='lat' dir='ltr'>disputata</span> <span class='ocrx_word' id='word_1_261' title='bbox 1325 2379 1560 2415; x_wconf 87' lang='lat' dir='ltr'>discernimus</span> <span class='ocrx_word' id='word_1_262' title='bbox 1591 2380 1791 2427; x_wconf 59' lang='lat' dir='ltr'>predictum</span> 
     </span>
     <span class='ocr_line' id='line_1_31' title="bbox 233 2446 1791 2497; baseline -0.001 -12"><span class='ocrx_word' id='word_1_263' title='bbox 233 2450 419 2486; x_wconf 87' lang='lat' dir='ltr'>dominum</span> <span class='ocrx_word' id='word_1_264' title='bbox 438 2449 639 2486; x_wconf 87' lang='lat' dir='ltr'>Walterum</span> <span class='ocrx_word' id='word_1_265' title='bbox 668 2449 928 2497; x_wconf 81' lang='lat' dir='ltr'>Halyburtoun</span> <span class='ocrx_word' id='word_1_266' title='bbox 957 2461 1058 2485; x_wconf 86' lang='lat' dir='ltr'>reum</span> <span class='ocrx_word' id='word_1_267' title='bbox 1087 2454 1122 2484; x_wconf 88' lang='lat' dir='ltr'>et</span> <span class='ocrx_word' id='word_1_268' title='bbox 1148 2446 1306 2495; x_wconf 75' lang='lat' dir='ltr'>peccasse</span> <span class='ocrx_word' id='word_1_269' title='bbox 1333 2448 1371 2483; x_wconf 93' lang='lat' dir='ltr'>in</span> <span class='ocrx_word' id='word_1_270' title='bbox 1394 2448 1582 2483; x_wconf 62' lang='lat' dir='ltr'>&gt;dominum</span> <span class='ocrx_word' id='word_1_271' title='bbox 1611 2448 1791 2484; x_wconf 85' lang='lat' dir='ltr'>Joannem</span> 
     </span>
    </p>
   </div>
   <div class='ocr_carea' id='block_1_5' title="bbox 635 2550 646 2580">
    <p class='ocr_par' dir='ltr' id='par_1_5' title="bbox 635 2550 646 2580">
     <span class='ocr_line' id='line_1_32' title="bbox 635 2550 646 2580; baseline 0 0"><span class='ocrx_word' id='word_1_272' title='bbox 635 2550 646 2580; x_wconf 55' lang='lat' dir='ltr'>i</span> 
     </span>
    </p>
   </div>
  </div>
 </body>
</html>
