2147 2964
333 300 404 332 282
707 297 885 333 CARTE
913 296 1167 334 ECCLESIE
1197 297 1539 335 COLLEGIATE

333 396 430 431 haud
461 395 608 443 prodest
641 395 859 432 innocencie
890 396 1030 443 puritas
1061 395 1127 431 nisi
1160 395 1237 432 affit
1270 397 1449 432 bonorum
1486 410 1638 445 operum
1673 397 1879 433 fecunditas
1898 419 1905 425 -

333 463 517 499 Nouerint
537 464 651 511 igitur
670 464 828 500 vniuerfi
856 477 898 500 ac
925 465 1166 512 paternitates
1186 464 1302 500 vestre
1330 465 1511 501 antedi6³oe
1535 479 1601 501 nos
1621 479 1665 501 ex
1684 465 1907 501 auisamento

332 539 366 567 et
382 533 555 568 consensu
574 532 799 568 illustriffimi
818 533 996 580 principis
1013 533 1195 569 Johannis
1215 534 1317 569 ducis
1334 534 1494 571 Albanie
1514 534 1626 570 nostri
1646 533 1906 581 consanguinei

331 607 367 635 et
382 601 640 648 gubernatoris
660 599 828 636 cariffimi
848 601 1153 648 dominorumque
1172 602 1285 637 nostri
1303 602 1441 638 consilii
1461 616 1503 639 ac
1523 604 1697 639 consensu
1716 609 1752 639 et
1770 602 1905 638 assensu

333 670 553 705 venerabilis
582 675 618 705 et
647 669 786 717 egregii
818 669 887 705 viri
916 669 1079 717 magistri
1106 670 1259 706 Patricii
1284 670 1461 707 Covintre
1489 672 1527 707 in
1557 671 1716 707 decretis
1745 677 1780 707 et
1807 671 1908 707 sacra

332 738 518 786 theologia
543 738 766 774 bacchalarii
795 739 924 774 decani
953 739 1049 774 dieite
1077 738 1225 774 ecclesie
1254 739 1447 787 collegiate
1467 740 1512 775 de
1533 739 1715 787 Lestalrig
1734 752 1800 786 pro
1820 746 1906 774 tem-

331 819 420 854 pore
445 806 484 842 in
512 806 656 842 laudem
687 812 723 841 et
750 806 927 841 honorem
960 805 1184 842 Sandiffiffime
1214 816 1250 843 et
1278 808 1475 844 Indiuidue
1505 808 1700 844 Trinitatis
1727 808 1906 854 beateque

330 874 486 923 gloriose
506 874 658 921 virginis
678 874 797 909 Marie
817 874 906 909 Diui
927 874 1080 910 Andree
1100 875 1250 923 apostoli
1268 876 1383 911 nostri
1401 877 1507 923 regni
1525 877 1672 924 patroni
1692 876 1906 912 Sanam-um

333 943 487 979 Niniani
508 943 671 979 Duthaci
689 942 873 978 Jeronimi
898 942 1136 978 confessorum
1166 949 1275 991 atque
1295 944 1488 980 Triduane
1517 945 1669 993 virginis
1698 944 1907 980 venerande

332 1018 366 1048 et
387 1011 547 1047 omnium
566 1011 805 1058 supernorum
826 1010 961 1046 ciuium
982 1023 1023 1046 ac
1043 1011 1159 1046 eciam
1186 1024 1254 1059 pro
1279 1012 1393 1048 salute
1420 1013 1625 1049 animarum
1652 1013 1712 1060 pie
1731 1013 1908 1048 memorie

332 1080 608 1129 progenitorum
640 1079 847 1115 nostrorum
876 1080 901 1115 J
904 1080 1007 1115 acobi
1040 1080 1145 1116 tercii
1178 1080 1291 1116 nostri
1323 1081 1383 1116 aui
1415 1087 1451 1116 et
1476 1081 1502 1117 J
1504 1082 1609 1117 acobi
1642 1082 1763 1128 quarti
1795 1081 1910 1116 nostri

331 1149 444 1197 patris
471 1148 638 1185 cariffimi
667 1161 811 1184 necnon
839 1148 1051 1196 Margarete
1078 1148 1205 1196 regine
1235 1149 1362 1184 matris
1389 1149 1511 1185 nostre
1542 1150 1741 1196 predilefflze
1769 1163 1812 1185 ac
1837 1162 1906 1197 pro

335 1218 456 1254 anima
473 1217 598 1253 nostra
621 1223 657 1253 et
683 1217 797 1252 nostri
819 1217 1088 1253 Gubernatoris
1117 1216 1291 1251 antediffl
1319 1229 1362 1252 ac
1389 1217 1504 1252 eciam
1524 1230 1591 1264 pro
1611 1217 1726 1253 salute
1746 1217 1908 1253 omnium

335 1285 624 1334 predecessorum
644 1292 680 1321 et
698 1285 937 1321 successorum
964 1285 1171 1320 nostrorum
1196 1285 1432 1331 omniumque
1452 1297 1542 1332 quos
1560 1285 1598 1320 in
1617 1285 1687 1320 hac
1707 1285 1782 1321 vita
1800 1286 1910 1321 offen-

334 1355 452 1390 dimus
471 1361 534 1390 aut
552 1355 664 1389 nostri
681 1353 934 1402 progenitores
951 1354 1184 1389 offenderunt
1204 1365 1271 1401 pro
1291 1352 1421 1399 quibus
1441 1354 1488 1388 ad
1507 1354 1700 1389 emendam
1720 1353 1779 1389 vel
1797 1354 1910 1389 refor-

334 1423 536 1459 macionem
557 1422 762 1470 obligamur
781 1428 843 1458 aut
863 1422 1009 1458 demum
1038 1435 1105 1470 pro
1133 1421 1323 1458 animabus
1351 1421 1513 1456 omnium
1539 1421 1703 1457 fidelium
1723 1422 1911 1457 defun&o-

335 1504 413 1527 rum
431 1498 467 1527 et
485 1491 592 1539 regni
616 1491 728 1526 nostri
755 1490 852 1526 felici
881 1490 975 1526 statu
1003 1491 1191 1526 ecclesiam
1222 1489 1454 1538 collegiatam
1485 1489 1617 1526 San&e
1648 1497 1684 1526 et
1711 1490 1910 1526 Indiuidue

337 1559 532 1595 Trinitatis
552 1558 665 1594 Beate
685 1558 855 1607 Virginis
875 1558 994 1594 Marie
1022 1559 1117 1595 infra
1142 1559 1278 1594 limites
1297 1558 1448 1594 ecclesie
1468 1558 1687 1606 parochialis
1708 1559 1754 1594 de
1773 1559 1911 1595 Lestal-

335 1628 393 1675 rig
413 1626 677 1664 Sanffiandree
696 1626 847 1663 diocefis
866 1627 1032 1663 situatam
1053 1627 1100 1662 fic
1120 1633 1159 1663 ut
1177 1626 1402 1674 premittitur
1421 1639 1487 1674 per
1504 1627 1641 1662 dietum
1660 1627 1910 1663 sanetiffimum

336 1696 522 1732 dominum
541 1695 704 1731 nostrum
724 1697 879 1731 ere&am
900 1701 936 1731 et
954 1695 1122 1743 impensis
1141 1695 1226 1731 di&i
1246 1695 1306 1731 aui
1324 1695 1437 1730 nostri
1455 1695 1697 1732 construfflim
1718 1697 1765 1732 ad
1783 1709 1911 1745 perpe-

337 1772 436 1801 tuam
454 1764 507 1800 rei
525 1764 739 1799 memoriam
759 1763 893 1799 dotasse
912 1764 1073 1799 fundasse
1099 1763 1282 1811 ampliasse
1302 1770 1337 1799 et
1357 1763 1537 1800 ordinaffe
1556 1770 1665 1812 prout
1683 1765 1910 1812 presencium

337 1840 464 1870 tenore
484 1833 651 1869 dotamus
670 1832 864 1868 fundamus
891 1832 1106 1880 ampliamus
1125 1837 1162 1867 et
1181 1832 1393 1867 ordinamus
1417 1844 1485 1879 pro
1504 1845 1576 1867 vno
1595 1833 1736 1867 decano
1756 1835 1911 1880 &toque

337 1901 590 1949 prebendariis
607 1907 643 1936 et
657 1901 798 1936 duobus
816 1901 940 1947 pueris
959 1900 997 1935 in
1017 1907 1127 1937 cantu
1146 1900 1274 1948 peritis
1293 1900 1329 1935 in
1345 1900 1438 1935 dieto
1458 1900 1614 1948 collegio
1630 1900 1713 1936 Deo
1732 1907 1911 1948 perpetuo

338 1969 645 2005 administraturis
671 1968 869 2004 secundum
897 1973 1061 2003 tenorem
1089 1967 1351 2015 stipendiorum
1380 1968 1685 2004 constitucionem
1711 1974 1747 2004 et
1763 1969 1911 2005 statuto-

340 2051 418 2074 rum
436 2037 735 2085 subsequencium
755 2057 762 2065 ·
783 2036 957 2072 Decanus
985 2043 1107 2072 autem
1133 2036 1235 2072 iuxta
1260 2035 1463 2071 sanffiffimi
1486 2036 1621 2084 prefati
1641 2037 1778 2072 domini
1797 2037 1910 2073 nostri

341 2107 569 2143 ereccionem
596 2106 633 2140 in
661 2105 758 2140 diaa
784 2105 935 2140 eeclefia
962 2104 1155 2152 collegiata
1182 2110 1221 2140 ut
1249 2109 1360 2151 caput
1385 2105 1623 2152 prebendarii
1652 2117 1739 2140 vero
1767 2111 1807 2141 ut
1834 2106 1911 2141 eius

341 2176 505 2211 membra
531 2173 729 2221 capitulum
760 2172 983 2208 constituant
1010 2172 1057 2207 fic
1081 2178 1120 2208 ut
1140 2173 1300 2208 decanus
1326 2185 1394 2220 pro
1413 2178 1578 2220 tempore
1599 2171 1755 2208 existens
1775 2173 1811 2208 in
1830 2185 1911 2221 pre-

342 2243 535 2278 bendarios
555 2255 597 2277 ac
614 2242 785 2290 personas
814 2240 1047 2276 familiarium
1073 2246 1109 2275 et
1130 2239 1345 2275 seruitorum
1366 2240 1453 2275 dieti
1472 2240 1603 2275 decani
1622 2245 1658 2276 et
1676 2241 1910 2288 prebendari-

344 2322 447 2344 orum
475 2321 518 2345 ea
542 2308 794 2356 superioritate
825 2308 1098 2356 preeminencia
1127 2312 1163 2343 et
1189 2307 1448 2343 iurisdiccione
1475 2307 1645 2355 pociatur
1673 2314 1710 2343 et
1737 2308 1911 2356 fungatur

346 2377 474 2423 quibus
492 2376 668 2412 ordinarii
695 2377 860 2412 locorum
886 2376 925 2411 in
951 2377 1031 2411 suos
1051 2376 1262 2411 diocesanos
1282 2381 1318 2411 et
1336 2375 1496 2411 subditos
1519 2375 1630 2423 potiri
1650 2380 1685 2410 et
1703 2375 1806 2423 fungi
1826 2389 1910 2412 con-

348 2445 543 2479 sueuerunt
562 2457 603 2479 ac
628 2444 826 2490 pociuntur
853 2449 888 2479 et
915 2444 1077 2491 gaudent
1103 2449 1212 2490 prout
1238 2443 1276 2479 in
1304 2443 1411 2479 bullis
1439 2443 1592 2490 desuper
1609 2443 1740 2478 leuatis
1759 2452 1911 2481 cauetur
