2147 2964
816 308 886 344 DE
914 307 1168 345 ROSSLYN.
1704 315 1775 351 329

204 407 434 456 ewangeliste
463 408 508 443 de
542 406 692 455 Rossing
723 406 983 443 Sanffiandree
1020 408 1170 443 diocesis
1206 409 1244 443 in
1279 410 1405 445 eadem
1437 410 1675 445 residenciam
1706 422 1773 457 pro

204 483 367 524 tempore
385 476 606 512 facientibus
625 476 753 511 ereffitis
773 481 809 512 et
837 476 1023 524 erigendis
1049 476 1180 511 creatis
1200 483 1235 512 et
1255 478 1423 512 creandis
1442 478 1569 513 diuina
1588 478 1772 514 celebran-

203 545 299 580 tibus
318 551 354 581 et
376 545 646 593 imperpetuum
675 544 914 580 celebraturis
943 545 979 579 in
1007 544 1103 580 dieta
1129 544 1281 580 ecclesia
1308 545 1502 593 collegiata
1530 546 1564 581 in
1592 559 1718 593 puram
1738 553 1774 581 et

203 620 418 661 perpetuam
446 613 670 649 elimosinam
698 626 823 648 omnes
851 619 887 649 et
915 613 1072 660 singulas
1099 619 1215 649 terras
1243 627 1340 649 meas
1369 615 1583 662 subscriptas
1603 628 1684 651 cum
1704 615 1773 651 suis

203 682 437 729 pertinenciis
465 682 626 718 iacentes
653 682 750 717 infra
776 681 966 717 baroniam
991 694 1108 716 meam
1128 682 1173 716 de
1193 681 1343 729 Rossing
1361 688 1396 718 et
1417 683 1708 719 vicecomitatum
1728 685 1773 720 de

203 750 422 798 Edinburgh
441 751 612 786 videlicet
632 771 639 779 ·
658 750 795 786 Totum
815 756 851 786 et
869 751 1052 796 integrum
1076 749 1248 785 horreum
1267 763 1386 785 meum
1406 751 1633 787 occidentale
1652 752 1774 787 iacens

203 818 250 854 ad
267 819 443 854 borialem
463 824 605 865 partem
633 818 804 853 cimiterii
833 818 926 853 diae
955 817 1105 852 ecclesie
1133 817 1326 865 collegiata
1353 831 1497 854 necnon
1519 819 1657 866 peciam
1678 826 1773 856 terre

202 899 281 922 mee
300 886 560 922 extendentem
578 886 674 922 inter
693 885 957 921 occidentalem
984 885 1092 920 finem
1122 885 1207 920 disti
1233 885 1356 921 horrei
1377 893 1412 922 et
1431 888 1644 923 orientalem
1664 889 1772 924 finem

203 954 309 990 vnius
328 954 468 990 stabelli
486 966 601 1001 prope
621 954 758 990 di&um
784 954 957 989 horreum
984 954 1138 989 iacentis
1166 966 1311 990 necnon
1337 967 1458 990 acram
1478 961 1574 991 terre
1595 962 1773 991 terrarum

202 1036 364 1059 mearum
393 1024 438 1059 de
463 1023 632 1058 Bireflatt
659 1022 841 1059 iacentem
869 1022 991 1058 versus
1024 1022 1203 1058 orientem
1230 1035 1345 1070 prope
1372 1023 1403 1058 le
1426 1029 1552 1071 guttar-
1578 1024 1663 1059 fosse
1690 1031 1774 1060 ante

202 1092 351 1128 ostiaria
368 1092 594 1139 prefatorum
618 1091 741 1127 horrei
774 1097 809 1127 et
834 1091 975 1126 stabelli
1003 1097 1039 1126 et
1066 1091 1199 1126 abhinc
1225 1092 1446 1127 transeundo
1467 1093 1588 1128 versus
1606 1094 1774 1129 occiden-

203 1166 275 1196 tem
294 1173 316 1196 a
334 1160 421 1195 fossa
439 1160 510 1195 orti
530 1160 615 1195 diffi
633 1160 757 1195 horrei
784 1172 851 1207 pro
878 1160 1123 1195 mansionibus
1143 1159 1272 1195 ortulis
1300 1166 1336 1196 et
1363 1161 1442 1196 aliis
1470 1161 1603 1197 eisdem
1622 1162 1775 1198 necessa-

203 1228 266 1263 riis
293 1228 427 1263 ibidem
456 1234 492 1263 et
518 1240 625 1275 super
653 1227 757 1262 dietis
787 1227 894 1263 terris
924 1227 1136 1264 edificandis
1165 1228 1418 1265 construendis
1447 1236 1482 1265 et
1507 1231 1721 1278 reparandis
1741 1238 1776 1267 et

203 1296 353 1332 cuilibet
380 1296 559 1331 di&orum
585 1295 758 1343 prepositi
789 1302 824 1331 et
851 1297 1179 1343 prebendariorum
1207 1310 1272 1345 pro
1300 1299 1334 1333 se
1363 1304 1398 1333 et
1424 1298 1492 1333 suis
1518 1299 1775 1335 successoribus

203 1364 428 1412 temporibus
446 1364 634 1411 perpetuis
660 1364 792 1400 futuris
818 1377 885 1411 pro
913 1365 1086 1411 porcione
1107 1365 1203 1400 virili
1223 1371 1258 1401 et
1286 1365 1355 1414 [in]
1377 1371 1499 1414 partes
1519 1367 1666 1413 equales
1685 1368 1775 1403 diui-

203 1433 332 1469 dendis
351 1438 387 1469 et
405 1432 626 1480 possidendis
652 1438 761 1479 prout
787 1445 854 1479 per
880 1438 993 1468 metas
1020 1433 1183 1480 lapideas
1211 1439 1247 1469 et
1273 1433 1414 1481 ligneas
1441 1447 1484 1469 ac
1511 1435 1615 1469 fossas
1634 1448 1699 1482 per
1718 1448 1775 1471 me

203 1502 261 1537 die
281 1502 365 1537 date
384 1500 612 1548 presencium
641 1499 855 1548 assignatum
885 1506 920 1536 et
946 1500 1140 1536 limitatum
1161 1501 1211 1536 est
1232 1501 1404 1538 videlieet
1424 1502 1521 1537 disto
1539 1503 1719 1550 preposito
1739 1510 1775 1539 et

139 1599 146 1606 ,
203 1571 273 1606 suis
292 1570 549 1606 successoribus
576 1569 788 1616 incipiendo
816 1568 863 1604 ad
890 1569 1155 1604 occidentalem
1182 1575 1324 1616 partem
1352 1570 1575 1617 prefatarum
1595 1571 1719 1606 horrei
1740 1578 1776 1607 et

203 1646 386 1675 terrarum
419 1638 613 1674 continens
645 1637 683 1672 in
714 1637 907 1673 latitudine
933 1637 1054 1672 versus
1090 1637 1318 1673 occidentem
1351 1637 1503 1685 triginta
1536 1638 1638 1673 vlnas
1670 1646 1705 1674 et
1737 1639 1774 1675 in

203 1707 432 1755 longitudine
451 1706 574 1742 versus
601 1705 781 1741 orientem
801 1705 1047 1752 quadraginta
1073 1707 1151 1740 otto
1172 1706 1274 1741 vlnas
1294 1727 1301 1734 ·
1323 1705 1370 1741 Et
1388 1702 1531 1753 prefata
1550 1720 1696 1743 camera
1714 1708 1773 1743 seu

203 1776 339 1812 mansio
368 1788 449 1811 cum
478 1781 558 1810 orto
587 1774 792 1810 edificanda
819 1780 855 1809 et
882 1774 1126 1810 construenda
1153 1774 1325 1822 spe&abit
1353 1774 1458 1810 altari
1487 1774 1607 1810 Sanffi
1634 1775 1774 1811 Mathei

204 1844 357 1893 apostoli
384 1851 420 1879 et
447 1843 678 1891 ewangeliste
705 1848 741 1878 et
768 1843 864 1878 (ἰίἂο
895 1842 1075 1890 preposito
1102 1855 1168 1890 pro
1198 1844 1259 1878 sua
1290 1843 1475 1878 mansione
1503 1843 1597 1878 diste
1625 1842 1773 1879 ecclesie

204 1913 397 1961 collegiate
417 1934 423 1941 ·
447 1911 617 1948 Secunda
645 1923 732 1946 vero
764 1923 910 1946 camera
936 1910 997 1946 seu
1024 1909 1160 1945 mansio
1188 1911 1394 1946 edificanda
1425 1923 1505 1946 cum
1533 1917 1613 1946 orto
1641 1911 1775 1946 ibidem

205 1988 244 2017 ut
269 1980 471 2029 predicitur
503 1980 748 2015 construenda
779 1979 849 2014 erit
881 1979 1053 2025 contigue
1087 1991 1201 2026 prope
1233 1979 1364 2014 didam
1394 1977 1613 2014 mansionem
1647 1978 1777 2026 prefati

203 2049 377 2098 prepositi
408 2055 444 2084 et
477 2048 669 2084 continens
705 2048 743 2082 in
780 2047 815 2082 se
858 2047 895 2082 in
931 2046 1162 2094 longitudine
1203 2045 1447 2093 quadraginta
1482 2049 1563 2081 ono
1603 2046 1703 2081 vlnas
1740 2053 1775 2082 et

205 2119 242 2153 in
287 2117 483 2153 latitudine
524 2117 678 2163 triginta
712 2115 816 2151 vlnas
852 2121 891 2150 ut
925 2114 1128 2162 predicitur
1163 2114 1335 2162 speetabit
1370 2120 1406 2149 et
1440 2114 1638 2161 pertinebit
1673 2114 1779 2150 altari

204 2185 404 2222 beatiffime
445 2185 597 2233 virginis
637 2183 757 2220 Marie
798 2189 834 2218 et
873 2182 1017 2218 sacriste
1058 2183 1151 2218 dine
1191 2182 1340 2218 ecclesie
1375 2195 1443 2229 pro
1475 2182 1538 2217 sua
1567 2180 1778 2217 mansione-

207 2254 343 2290 Tereia
379 2266 466 2289 vero
503 2265 650 2289 camera
684 2252 744 2287 seu
785 2250 920 2286 mansio
965 2250 1170 2286 edificanda
1213 2263 1295 2285 cum
1340 2256 1420 2285 orto
1456 2250 1591 2285 ibidem
1627 2255 1667 2285 ut
1703 2261 1780 2297 pre-

206 2323 343 2359 dicitur
370 2320 616 2358 construenda
646 2319 838 2355 continens
869 2319 906 2353 in
938 2318 1170 2367 longitudine
1199 2324 1235 2354 et
1261 2318 1455 2354 latitudine
1486 2323 1525 2353 ut
1554 2318 1662 2365 supra
1686 2318 1782 2365 spec-

206 2391 298 2428 tabit
334 2390 441 2427 altari
480 2389 604 2426 San&
641 2388 794 2424 Andree
821 2386 975 2435 apostoli
1006 2394 1043 2423 et
1073 2386 1317 2434 prebendario
1353 2386 1468 2425 tercio
1504 2387 1597 2421 diae
1633 2386 1782 2421 ecclesie

206 2459 399 2508 collegiate
426 2471 493 2506 pro
520 2458 583 2493 sua
608 2456 794 2492 mansione
820 2454 991 2498 -Quarta
1022 2468 1108 2491 vero
1137 2467 1283 2491 camera
1311 2454 1372 2490 seu
1405 2454 1541 2490 mansio
1577 2454 1782 2490 edificanda

949 2526 970 2559 2
991 2536 1012 2559 T
