2147 2964
335 284 382 320 60
635 280 951 318 REGISTRUM
977 279 1232 317 ECCLESIE
1261 280 1605 318 COLLEGIATE

334 382 535 418 huiusmodi
556 381 842 429 refignacionem
862 380 1050 416 vacauerit
1069 379 1266 415 dummodo
1292 385 1457 427 tempore
1476 380 1561 417 date
1584 381 1811 429 presencium
1832 395 1905 418 non

334 451 375 487 fit
394 451 431 486 in
450 464 493 487 ea
512 451 600 486 alias
619 450 728 486 alicui
756 449 960 498 specialiter
988 449 1044 484 ius
1073 448 1250 496 quesitum
1277 461 1320 484 ac
1346 449 1481 496 prefati
1500 448 1634 485 Jacobi
1659 450 1825 485 moderni
1846 450 1904 486 seu

332 531 398 567 pro
430 525 592 567 tempore
624 517 810 553 existentis
842 517 939 565 regis
972 516 1166 553 Scotorum
1199 518 1247 553 ad
1280 517 1319 552 id
1351 517 1533 566 expressus
1564 518 1717 554 accedat
1748 517 1904 554 assensus

331 588 477 623 nomine
509 594 545 623 et
576 587 754 635 dignitate
786 586 893 634 ipsius
927 586 1147 622 cancellarie
1178 586 1214 621 in
1245 586 1342 622 ἀίὁὶει
1373 586 1525 622 ecclesia
1552 600 1619 635 per
1650 593 1686 623 te
1718 587 1906 636 suppressis

331 657 477 704 penitus
492 662 528 692 et
545 656 713 692 extinfitis
733 656 933 702 eodemque
952 654 1121 702 hospitali
1138 656 1182 690 de
1197 653 1316 690 Soltre
1335 654 1373 689 in
1393 654 1525 690 statum
1543 655 1734 703 pristinum
1754 656 1904 691 reduco

330 725 422 760 illud
453 737 534 760 cum
567 724 734 760 omnibus
765 723 905 759 iuribus
937 728 973 758 et
1003 722 1240 771 pertinenciis
1272 722 1341 758 suis
1368 735 1465 758 nouo
1497 723 1666 771 hospitali
1697 723 1903 759 huiusmodi

332 794 434 829 cuius
465 799 501 829 et
530 793 687 829 eiusdem
720 791 869 828 ecclesie
901 791 1083 827 frustuum
1114 791 1325 827 reddituum
1357 796 1393 827 et
1424 798 1672 838 prouentuum
1703 805 1807 828 veros
1837 805 1899 827 an-

331 875 422 897 nuos
450 861 592 897 valores
623 861 849 909 presentibus
880 860 1007 896 haberi
1036 859 1202 895 volumus
1229 872 1297 907 pro
1327 859 1497 908 expreffis
1526 861 1653 896 eadem
1685 861 1900 896 au&oritate

329 930 453 966 nostra
479 936 653 978 perpetuo
673 929 776 965 vnias
791 931 963 965 annestas
982 934 1018 964 et
1036 928 1248 976 incorpores
1275 928 1327 963 ita
1345 928 1444 975 quod
1468 928 1577 965 liceat
1596 942 1640 964 ex
1660 935 1748 965 tunc
1767 929 1899 964 resitori

330 999 416 1034 ᾱὶξὶί
441 999 528 1035 noui
555 998 740 1047 hospitalis
771 1011 836 1046 per
864 998 897 1033 se
928 997 986 1032 vel
1017 997 1129 1032 alium
1160 998 1221 1032 seu
1251 997 1341 1033 alios
1371 997 1614 1045 corporaliter
1642 998 1828 1046 hospitalis
1855 998 1900 1033 de

331 1066 450 1103 Soltre
469 1067 677 1114 iuriumque
695 1072 730 1102 et
747 1066 1059 1114 pertinenciarum
1078 1065 1324 1113 predi&orum
1347 1065 1593 1114 possessionem
1612 1066 1762 1114 propria
1781 1069 1900 1102 aritsto-

328 1136 434 1172 ritate
462 1136 740 1184 apprehendere
771 1142 807 1171 et
833 1140 1008 1183 perpetuo
1038 1135 1198 1170 retinere
1228 1147 1270 1169 ac
1296 1134 1394 1170 illius
1418 1134 1557 1170 fru&us
1577 1134 1743 1170 redditus
1763 1142 1797 1170 et
1816 1147 1899 1182 pro-

329 1211 458 1240 uentus
487 1205 525 1239 in
555 1203 855 1240 sustentacionem
883 1216 1083 1251 pauperum
1115 1209 1151 1238 et
1179 1202 1407 1238 infirmorum
1435 1215 1478 1238 ac
1506 1203 1596 1238 alias
1627 1203 1665 1238 in
1695 1203 1899 1239 vtilatatem

326 1272 483 1320 ipsorum
514 1272 743 1320 hospitalium
775 1272 877 1308 iuxta
906 1272 1060 1307 formam
1093 1269 1367 1306 constitucionis
1404 1270 1463 1318 pie
1491 1271 1665 1306 memorie
1696 1270 1898 1307 Clementis

324 1354 415 1388 pape
428 1340 474 1375 V.
490 1340 604 1376 eciam
623 1339 882 1387 predecessoris
902 1339 1015 1374 nostri
1035 1340 1139 1387 super
1157 1338 1227 1374 hoc
1243 1338 1282 1373 in
1300 1338 1449 1374 consilio
1463 1338 1664 1374 Viennensi
1684 1340 1781 1374 edite
1802 1351 1898 1374 com-

324 1408 520 1444 mittendos
549 1408 740 1455 percipere
770 1407 955 1443 diocesani
981 1407 1053 1442 loci
1081 1413 1117 1443 et
1144 1406 1302 1442 cuiusuis
1331 1406 1482 1442 alterius
1510 1406 1667 1442 licencia
1694 1408 1799 1455 super
1827 1407 1896 1443 hoc

322 1476 470 1511 minime
490 1475 658 1522 requisita
679 1488 752 1510 non
773 1475 998 1510 obstantibus
1025 1474 1350 1510 constitucionibus
1378 1480 1414 1510 et
1438 1475 1737 1511 ordinacionibus
1756 1476 1896 1523 aposto-

321 1543 401 1578 licis
421 1556 463 1578 ac
481 1543 644 1591 liredi&a
662 1542 785 1578 nostra
804 1543 992 1578 voluntate
1011 1555 1155 1578 necnon
1180 1542 1322 1578 statutis
1341 1548 1377 1578 et
1396 1543 1718 1579 consuetudinibus
1737 1544 1894 1580 eiusdem

322 1612 471 1648 ecclesie
497 1612 699 1647 iuramento
727 1611 1011 1647 confirmacione
1041 1611 1238 1660 apostolica
1262 1611 1320 1646 vel
1349 1612 1478 1658 quauis
1504 1612 1677 1648 firmitate
1698 1612 1770 1648 alia
1789 1613 1894 1648 robo-

320 1681 408 1716 ratis
428 1681 621 1716 contrariis
641 1680 915 1727 quibuscunque
940 1685 1003 1716 aut
1021 1680 1046 1715 fi
1065 1681 1196 1728 aliquis
1222 1681 1329 1728 super
1346 1680 1613 1729 prouifionibus
1633 1681 1696 1716 fibi
1716 1682 1893 1717 faciendis

321 1756 357 1784 et
383 1749 619 1796 dignitatibus
648 1748 755 1797 ipfius
784 1748 935 1785 ecclesie
964 1749 1134 1797 speciales
1162 1749 1220 1784 vel
1249 1749 1330 1784 aliis
1358 1749 1546 1784 beneficiis
1576 1749 1826 1785 ecclesiasticis
1854 1751 1890 1786 in

320 1816 391 1852 illis
418 1817 582 1864 partibus
610 1817 800 1865 generales
828 1818 924 1853 di&e
951 1818 1044 1853 sedis
1064 1817 1122 1853 vel
1149 1817 1355 1864 legatorum
1380 1817 1457 1852 eius
1485 1817 1611 1852 literas
1635 1817 1891 1865 impetrauerit

320 1884 432 1919 eciam
452 1897 516 1932 per
536 1898 595 1920 eas
615 1886 660 1920 ad
688 1885 944 1920 inhibitionem
971 1885 1260 1933 refignacionem
1285 1890 1321 1920 et
1339 1885 1528 1920 decretum
1549 1885 1606 1920 vel
1633 1885 1721 1921 alias
1741 1899 1889 1933 quomo-

321 1952 457 1988 dolibet
477 1952 519 1988 sit
542 1952 744 2000 processum
772 1966 861 2000 quas
891 1953 1039 2000 quidem
1068 1953 1193 1989 literas
1221 1959 1257 1989 et
1278 1952 1460 2001 processus
1488 1952 1631 1988 habitos
1653 1966 1719 2001 per
1746 1955 1887 1990 easdem

319 2033 361 2056 ac
381 2033 597 2067 quecunque
618 2021 703 2056 inde
731 2021 852 2056 secuta
876 2022 922 2057 ad
942 2022 1073 2057 disstam
1101 2021 1359 2057 cancellariam
1380 2020 1545 2056 volumus
1564 2033 1638 2056 non
1658 2022 1807 2057 extendi
1828 2023 1888 2058 sed

319 2089 456 2124 nullum
475 2102 540 2136 per
555 2089 623 2124 hoc
643 2089 694 2124 eis
719 2090 839 2136 quoad
859 2089 1120 2125 assecucionem
1137 2090 1357 2137 dignitatum
1376 2089 1433 2124 vel
1451 2089 1711 2124 beneficiorum
1731 2090 1886 2126 aliorum

319 2157 556 2204 preiudicium
585 2157 754 2204 generari
779 2164 814 2193 et
833 2158 1051 2204 quibussibet
1078 2158 1275 2206 priuilegiis
1294 2157 1540 2205 indulgenciis
1559 2163 1595 2193 et
1613 2157 1729 2193 literis
1749 2159 1885 2206 aposto-

319 2225 397 2260 licis
424 2225 655 2271 generalibus
683 2225 741 2260 vel
769 2225 982 2273 specialibus
1011 2239 1313 2273 quorumcunque
1341 2232 1508 2261 tenorum
1539 2225 1694 2261 existant
1722 2239 1787 2274 per
1816 2241 1885 2274 que

319 2293 543 2339 presentibus
570 2306 643 2328 non
671 2293 831 2341 exprefla
859 2294 916 2329 vel
944 2294 1106 2330 totaliter
1134 2308 1207 2330 non
1235 2295 1369 2331 inserta
1388 2295 1552 2330 effeaum
1573 2307 1698 2329 earum
1716 2295 1884 2343 impediri

320 2360 438 2395 valeat
457 2361 726 2407 quomodolibet
746 2362 802 2396 vel
830 2362 970 2397 differri
998 2371 1033 2398 et
1060 2363 1105 2397 de
1123 2363 1253 2409 quibus
1272 2375 1573 2410 quorumcunque
1592 2365 1676 2397 totis
1696 2365 1883 2401 tenoribus

315 2427 359 2462 de
378 2428 488 2462 verbo
509 2428 554 2462 ad
574 2428 721 2463 verbum
750 2429 919 2464 habenda
942 2429 983 2465 sit
1012 2430 1050 2465 in
1076 2430 1209 2466 nostris
1236 2431 1353 2466 literis
1379 2430 1522 2466 mencio
1548 2431 1713 2478 specialis
1739 2434 1882 2480 prouiso
