2147 2964
295 291 366 328 294
661 286 840 323 CARTE
867 284 1122 323 ECCLESIE
1151 285 1493 323 COLLEGIATE

296 387 341 422 de
361 385 580 433 Edinburgh
608 392 643 422 et
671 392 828 432 quatuor
854 385 967 421 libras
986 385 1096 420 annui
1118 385 1284 421 redditus
1304 385 1446 421 debitos
1469 386 1564 421 disto
1584 387 1768 434 quondam
1792 386 1873 421 Ade

298 454 468 490 Forstare
496 454 601 489 militi
633 454 730 489 infra
758 454 916 501 burgum
947 453 1109 488 nostrum
1140 453 1343 500 predictum
1376 454 1421 489 de
1450 454 1669 503 Edinburgh
1704 454 1875 490 videlicet

299 522 567 569 quinquaginta
594 528 667 556 tres
694 521 825 557 solidos
848 527 884 557 et
903 527 1061 568 quatuor
1080 521 1250 556 denarios
1270 522 1412 557 debitos
1432 523 1622 558 annuatim
1641 529 1677 558 et
1700 529 1875 559 exeuntes

299 590 343 625 de
380 596 589 625 tenemento
626 590 811 636 quondam
852 589 1035 624 Johannis
1078 589 1273 625 Gardnare
1310 590 1455 626 iacente
1490 603 1534 625 ex
1568 597 1671 638 parte
1707 590 1875 626 orientali

299 658 384 695 di6ti
413 658 518 706 burgi
555 659 652 694 inter
689 664 825 694 terram
864 657 1039 693 Willelmi
1078 657 1267 694 Curroure
1305 671 1349 693 cx
1382 664 1487 706 parte
1528 659 1698 695 orientali
1735 667 1771 695 et
1807 665 1876 695 ter-

299 739 375 762 ram
409 726 594 773 quondam
622 726 706 761 Ade
738 726 783 761 de
813 725 1009 761 Brounhill
1035 738 1079 760 ex
1107 732 1211 773 parte
1240 727 1460 762 occidentali
1489 733 1525 763 et
1549 727 1680 774 viginti
1712 728 1771 763 sex
1798 727 1877 762 soli-

300 797 364 831 dos
393 801 428 830 et
458 796 538 830 oao
570 794 739 830 denarios
769 794 910 830 debitos
938 794 1127 830 annuatim
1156 801 1192 829 et
1219 801 1393 830 exeuntes
1423 795 1468 830 de
1498 802 1708 832 tenemento
1734 795 1876 831 Thome

300 862 453 911 Benyne
472 862 616 898 iacente
644 862 681 897 in
702 862 795 898 dieto
824 863 941 910 burgo
961 875 1003 898 ex
1029 868 1132 909 parte
1161 863 1299 898 boreali
1329 863 1487 898 eiusdem
1516 863 1612 899 inter
1635 871 1770 899 terram
1790 864 1876 899 Eus-

300 931 411 967 tachii
433 930 634 967 Schcthare
662 944 705 966 ex
729 937 832 979 parte
860 930 1030 966 orientali
1058 937 1094 966 et
1122 938 1256 967 terram
1277 931 1456 967 Willelmi
1484 932 1529 967 de
1548 932 1725 967 Prestoun
1753 932 1877 968 militis

300 1013 344 1035 ex
373 1005 478 1048 parte
506 1000 726 1035 occidentali
755 999 991 1047 quosquidem
1023 1012 1164 1034 annuos
1196 1000 1363 1035 redditus
1397 1000 1513 1035 diceus
1541 1001 1725 1047 quondam
1754 1001 1876 1036 Adam

301 1067 471 1104 Forstare
491 1068 594 1103 miles
614 1068 715 1103 dedit
735 1068 820 1103 dum
842 1068 932 1103 vixit
951 1074 987 1103 et
1005 1066 1199 1115 affignauit
1224 1067 1424 1115 capellanis
1443 1068 1634 1103 antediffls
1654 1089 1660 1095 -
1680 1068 1877 1104 Tenendas

301 1138 488 1174 habendas
508 1144 543 1173 et
562 1137 820 1185 percipiendas
839 1137 953 1172 di&as
973 1136 1102 1184 viginti
1122 1142 1279 1183 quatuor
1298 1136 1410 1171 libras
1429 1136 1620 1171 annuatim
1637 1136 1739 1172 diffie
1759 1137 1876 1184 capel-

302 1206 394 1242 lanis
413 1206 475 1253 qui
494 1219 560 1254 pro
580 1213 745 1253 tempore
772 1206 910 1241 fuerint
937 1205 984 1240 ad
1012 1205 1102 1240 duos
1130 1204 1216 1239 anni
1245 1204 1421 1239 terminos
1450 1205 1640 1240 consuetos
1667 1218 1732 1252 per
1750 1218 1879 1241 manus

303 1275 520 1311 balliuorum
548 1274 654 1321 burgi
682 1274 796 1309 nostri
823 1273 977 1320 preditffi
1005 1272 1065 1319 qui
1094 1284 1160 1319 pro
1188 1278 1352 1319 tempore
1379 1272 1517 1307 fuerint
1540 1273 1578 1308 in
1597 1286 1726 1320 puram
1747 1280 1782 1309 et
1800 1287 1880 1322 per-

302 1349 449 1390 petuam
469 1342 700 1378 elemosinam
721 1342 768 1377 ad
786 1354 933 1376 manum
958 1347 1137 1377 mortuam
1166 1340 1438 1387 imperpetuum
1459 1341 1550 1376 adeo
1570 1341 1683 1378 libere
1703 1348 1738 1378 et
1757 1342 1880 1389 quiete

302 1412 445 1459 integre
465 1416 501 1446 et
519 1410 722 1446 honorifice
750 1410 843 1445 bene
872 1416 907 1446 et
934 1409 970 1445 in
999 1422 1088 1458 pace
1115 1411 1150 1444 in
1180 1409 1348 1444 omnibus
1367 1415 1404 1445 et
1422 1422 1488 1456 per
1508 1410 1631 1445 omnia
1650 1409 1740 1446 sicut
1758 1411 1880 1458 aliqua

303 1479 497 1515 elemosina
524 1478 583 1514 uel
611 1490 754 1513 annuus
780 1478 948 1514 redditus
971 1478 1009 1513 in
1036 1490 1163 1526 puram
1193 1483 1229 1512 et
1256 1484 1471 1524 perpetuam
1496 1476 1726 1514 elemosinam
1746 1479 1879 1515 alicubi

304 1561 369 1596 per
388 1560 644 1595 quemcunque
665 1547 724 1582 uel
743 1547 978 1594 quoscunque
1001 1546 1207 1593 cuicunque
1235 1552 1297 1581 aut
1317 1547 1593 1594 quibuscunque
1611 1548 1763 1584 liberius
1782 1548 1880 1596 quie-

305 1617 382 1652 cius
400 1616 530 1652 melius
550 1622 612 1651 aut
630 1615 939 1651 honorificencius
958 1615 1055 1651 infra
1081 1627 1236 1663 regnum
1265 1615 1429 1650 nostrum
1456 1616 1673 1651 conceditur
1690 1616 1751 1652 seu
1770 1616 1881 1652 dona-

305 1693 363 1722 tur
394 1685 507 1720 nichil
540 1685 626 1720 inde
662 1684 833 1719 faciendo
868 1684 1025 1731 predissti
1063 1683 1244 1731 capellani
1277 1690 1313 1719 et
1344 1683 1560 1719 successores
1595 1684 1646 1720 sui
1681 1685 1788 1720 nobis
1819 1693 1881 1721 aut

304 1754 561 1790 successoribus
589 1752 721 1788 nostris
748 1759 873 1799 preter
905 1752 1158 1788 tautummodo
1187 1752 1399 1787 oracionum
1432 1753 1606 1801 suffragia
1636 1753 1851 1789 deuotarum
1874 1776 1880 1782 ·

308 1822 556 1859 Concessimus
585 1821 700 1857 eciam
728 1821 846 1856 eidem
874 1820 1039 1856 Johanni
1067 1819 1238 1855 Forstare
1269 1819 1375 1855 militi
1403 1826 1439 1856 et
1464 1820 1661 1856 heredibus
1688 1821 1758 1857 suis
1785 1822 1882 1869 quod

308 1904 388 1926 cum
410 1890 503 1925 diae
523 1889 725 1937 capellanie
753 1895 815 1924 aut
842 1901 969 1924 eorum
996 1889 1119 1936 aliqua
1149 1888 1362 1924 vacauerint
1389 1888 1449 1924 seu
1469 1888 1656 1924 vacauerit
1675 1889 1721 1925 ad
1740 1890 1881 1925 easdem

307 1961 367 1996 seu
387 1960 538 1995 eandem
568 1958 778 2006 capellanos
805 1958 970 2006 ydoneos
998 1964 1061 1993 aut
1085 1956 1313 2004 capellanum
1338 1957 1523 2004 ydoneum
1548 1956 1716 2004 episcopo
1746 1956 1882 1994 83ῃᾶὶί-

309 2029 445 2064 andree
464 2028 526 2074 qui
546 2040 612 2074 pro
632 2032 797 2073 tempore
825 2026 935 2062 fuerit
961 2026 1145 2073 presentet
1172 2025 1232 2060 uel
1258 2025 1468 2072 presentent
1487 2025 1550 2071 qui
1577 2038 1638 2060 eos
1658 2026 1716 2061 uel
1735 2039 1818 2062 eum
1837 2026 1883 2062 ad

310 2096 427 2132 didas
450 2094 670 2143 capellanias
698 2094 757 2129 vel
785 2093 1026 2141 capellaniam
1054 2094 1248 2129 admittere
1278 2099 1447 2129 teneatur
1465 2114 1472 2121 ·
1493 2093 1673 2130 Volumus
1702 2094 1815 2130 eciam
1848 2102 1884 2130 et

311 2164 521 2199 ordinamus
540 2163 637 2210 quod
657 2162 779 2198 nullus
798 2161 863 2197 nifi
883 2162 1073 2210 presbyter
1101 2169 1137 2198 et
1161 2163 1222 2209 qui
1251 2162 1388 2198 nullam
1407 2162 1518 2198 habet
1537 2175 1661 2198 curam
1681 2163 1883 2199 animarum

312 2231 358 2266 ad
387 2231 546 2278 aliquam
576 2230 752 2266 dictarum
786 2229 1071 2278 capellaniarum
1103 2231 1332 2278 presentetur
1359 2230 1522 2277 alioquin
1554 2231 1628 2279 ipsa
1656 2231 1884 2279 presentacio

314 2299 414 2334 nulla
433 2299 475 2334 sit
493 2298 567 2346 ipso
595 2298 674 2333 iure
694 2304 730 2334 et
748 2298 847 2345 quod
866 2298 1048 2345 capellani
1069 2298 1105 2333 in
1132 2297 1344 2346 capellaniis
1362 2298 1534 2346 predifi'tis
1553 2298 1599 2333 ad
1619 2298 1829 2334 continuam
1849 2305 1884 2333 et

315 2365 539 2412 personalem
566 2364 804 2401 residenciam
837 2372 1033 2401 teneantur
1059 2378 1126 2413 pro
1153 2379 1309 2413 quorum
1338 2366 1612 2413 capellanorum
1640 2365 1883 2401 mansionibus

317 2432 493 2467 faciendis
520 2433 705 2478 predictus
724 2433 748 2468 J
752 2433 914 2469 ohannes
936 2433 1108 2470 Forstare
1135 2440 1209 2469 tres
1236 2447 1340 2469 acras
1367 2441 1464 2470 terre
1491 2434 1529 2469 in
1549 2433 1635 2469 villa
1653 2434 1698 2468 de
1719 2432 1883 2469 Corstor-
