2147 2964
123 2017 181 2049 35.

754 275 942 312 DOMUS
971 275 1040 311 DE
1071 276 1287 313 SOLTRE.
1764 286 1809 316 Ψ)

236 374 333 410 maui
347 373 429 409 Deo
449 379 484 410 et
504 374 627 409 domui
646 375 901 421 prenominate
921 380 956 410 ct
975 375 1080 411 dietis
1099 376 1273 412 fratribus
1292 382 1405 412 totam
1424 377 1525 413 illam
1544 383 1679 414 terram
1700 393 1807 426 quam

238 443 370 491 Tyhoc
390 443 434 478 (10
454 441 583 477 Monte
603 442 795 478 Laudonie
822 442 941 478 tenuit
968 443 1013 478 de
1034 442 1190 490 Templo
1216 444 1268 480 ita
1287 445 1385 491 quod
1404 445 1491 480 dieti
1518 446 1648 482 fratres
1668 447 1809 483 soluent

237 523 397 546 annuum
429 510 575 546 censum
604 509 828 557 Templariis
859 511 904 546 dc
936 510 1209 559 Ballyntrudok
1243 524 1311 558 pro
1348 513 1473 547 cadem
1507 519 1607 549 terra
1638 515 1808 550 videlicet

237 579 412 614 tredecim
445 577 616 612 denarios
647 578 881 613 medietatem
913 579 959 613 ad
990 579 1124 625 pascha
1155 584 1190 614 et
1215 579 1325 614 aliam
1351 580 1585 616 medictatem
1610 582 1657 617 ad
1680 582 1807 618 festum

239 644 361 681 Sanffl
380 644 572 680 Michaelis
591 665 598 672 ·
617 650 654 680 et
683 650 817 680 terram
851 646 997 692 insuper
1026 647 1071 681 dc
1091 646 1300 694 Bothoclyd
1331 660 1439 693 quam
1471 649 1573 683 tenui
1601 650 1646 685 de
1676 649 1808 686 Sanfflm

237 712 426 749 Germano
445 725 513 760 pro
532 725 604 760 qua
623 713 770 759 quidem
790 718 890 748 terra
907 714 1047 749 soluent
1073 714 1263 748 annuatim
1289 714 1383 749 illius
1402 714 1473 750 loci
1493 715 1631 751 custodi
1652 724 1808 763 quatuor

235 781 406 816 denarios
425 781 471 816 ad
490 780 617 816 festum
641 779 764 816 Sancti
784 780 978 816 Michaelis
994 794 1061 829 pro
1081 782 1248 817 omnibus
1268 787 1304 817 et
1322 781 1468 830 singulis
1487 796 1557 829 que
1577 784 1681 819 dicitis
1701 786 1808 820 terris

236 849 334 897 exigi
359 854 533 896 poterunt
556 854 619 884 aut
647 849 833 885 debebunt
852 871 859 878 ·
881 849 1078 885 Tenendas
1107 856 1143 885 et
1174 850 1362 885 habendas
1393 850 1456 885 fibi
1489 857 1525 886 et
1552 850 1808 888 suecessoribus

236 917 304 952 suis
324 916 362 952 in
387 917 541 952 liberam
568 929 698 964 puram
729 923 766 953 et
796 923 1012 964 perpetuam
1044 917 1265 953 elimosinam
1295 918 1410 954 libere
1438 919 1560 965 quiete
1585 920 1749 966 plenarie
1773 928 1808 956 et

235 985 437 1021 honorifice
457 986 502 1020 ab
521 985 620 1020 omni
640 985 794 1020 seculari
818 985 973 1021 seruicio
1000 986 1259 1022 consuetudine
1285 992 1321 1021 et
1339 986 1522 1022 demanda
1540 1000 1621 1022 cum
1642 988 1808 1024 omnibus

235 1053 465 1089 libertatibus
484 1059 520 1089 et
537 1054 777 1101 pertinenciis
796 1054 867 1089 suis
882 1075 889 1082 ·
905 1054 1135 1090 Inueniendo
1154 1055 1336 1101 quendam
1358 1055 1580 1090 sacerdotem
1601 1068 1668 1102 pro
1687 1057 1809 1092 anima

236 1134 316 1158 mea
336 1128 372 1157 et
390 1121 580 1158 animabus
608 1121 871 1157 antecessorum
899 1129 935 1158 et
964 1122 1203 1158 successorum
1227 1136 1392 1158 meorum
1418 1123 1455 1158 in
1475 1124 1583 1159 domo
1603 1125 1665 1159 sua
1683 1125 1809 1160 diuina

237 1190 484 1226 celebrantem
504 1190 566 1237 qui
585 1190 732 1238 quidem
749 1190 806 1226 vel
826 1190 919 1226 alter
938 1191 975 1226 in
995 1191 1076 1226 loco
1095 1191 1147 1227 sui
1163 1192 1188 1227 fi
1205 1192 1279 1239 ipse
1299 1205 1372 1227 non
1392 1192 1528 1240 poterit
1546 1193 1582 1228 in
1604 1193 1745 1241 capella
1763 1195 1808 1229 dc

239 1258 459 1307 Qwhytwell
486 1264 542 1294 ter
567 1260 603 1294 in
630 1259 835 1294 ebdomoda
859 1259 1058 1295 celebrabit
1078 1278 1086 1285 ·
1105 1259 1186 1307 Ego
1211 1272 1298 1295 vero
1329 1267 1454 1307 preter
1481 1267 1599 1296 terras
1626 1263 1808 1308 prenomi-

236 1333 340 1363 natas
360 1328 479 1363 eidem
497 1327 621 1362 domui
641 1332 676 1362 et
701 1327 875 1363 fratribus
905 1328 1002 1363 infra
1030 1328 1142 1363 breue
1175 1333 1317 1375 tempus
1348 1328 1393 1363 de
1420 1342 1492 1364 vna
1519 1335 1684 1364 marcata
1711 1336 1807 1365 terrc

232 1396 292 1432 seu
311 1396 356 1431 de
377 1395 500 1431 valore
518 1395 722 1442 prouidebo
743 1417 750 1424 -
770 1395 818 1430 Et
837 1401 876 1431 vt
900 1395 968 1430 hec
993 1409 1073 1430 mea
1098 1396 1254 1431 donacio
1282 1401 1318 1431 et
1346 1396 1471 1443 quieta
1497 1397 1676 1432 claniacio
1695 1398 1807 1433 robur

238 1470 454 1512 perpetuum
485 1464 649 1499 obtineat
677 1464 879 1510 presentem
909 1469 1046 1499 cartam
1071 1464 1177 1511 figilli
1202 1464 1273 1499 mei
1299 1464 1497 1499 munimine
1518 1465 1688 1500 roboraui
1711 1487 1718 1494 ·
1737 1465 1806 1500 hiis

238 1533 387 1569 testibus
416 1532 589 1579 magistro
619 1532 741 1566 Adam
772 1532 816 1567 de
846 1531 995 1580 Gulyne
1028 1538 1115 1567 tunc
1147 1532 1406 1567 archidiacono
1440 1532 1629 1567 Laudonie
1661 1533 1806 1568 domino

238 1600 426 1636 Willelmo
455 1600 500 1635 de
531 1599 664 1635 83ηᾶὶο
686 1600 798 1636 Claro
827 1606 914 1636 tunc
944 1600 1157 1635 vicecomite
1187 1600 1231 1635 de
1259 1599 1489 1647 Edynburgh
1517 1600 1664 1635 domino
1684 1600 1806 1636 Alano

236 1669 281 1704 de
309 1667 535 1716 Ormystoun
566 1667 741 1703 militibus
770 1668 927 1703 dominis
952 1667 1139 1703 Willelmo
1171 1674 1207 1703 et
1235 1667 1357 1703 Adam
1389 1667 1585 1715 capellanis
1612 1668 1657 1703 de
1688 1667 1806 1704 Soltre

238 1736 398 1772 Ricardo
417 1736 462 1771 de
481 1735 682 1771 Hertished
701 1735 864 1771 Roberto
883 1736 928 1771 de
948 1735 1186 1784 Hoppryngil
1204 1740 1241 1770 et
1260 1735 1351 1770 aliis.

238 1884 352 1921 Carta
371 1883 542 1931 Hugonis
560 1883 625 1918 filii
645 1883 843 1931 Augustini
861 1884 906 1918 de
926 1883 1097 1919 Morauia
1113 1883 1157 1918 (10
1177 1883 1317 1918 duobus
1334 1882 1466 1917 solidis.

242 1990 438 2046 Omnibus
470 2007 604 2045 Christi
630 2008 798 2044 fidelibus
824 2008 893 2043 hoc
925 2008 1097 2055 scriptum
1127 2007 1254 2042 visuris
1282 2006 1340 2041 vel
1367 2005 1546 2041 audituris
1571 2005 1682 2053 Hugo
1709 2006 1804 2041 filius

240 2076 437 2124 Augustini
474 2077 518 2112 de
551 2076 722 2112 Morauia
752 2076 900 2111 salutem
931 2081 1094 2111 eternam
1126 2076 1162 2109 in
1190 2074 1352 2109 Domino
1371 2095 1378 2101 -
1401 2072 1528 2109 Sciant
1554 2073 1740 2120 presentes
1768 2081 1804 2110 et

238 2145 349 2181 futuri
370 2158 426 2180 me
446 2145 572 2180 diuine
592 2144 738 2192 pietatis
763 2145 898 2180 intuitu
923 2150 959 2180 et
983 2156 1050 2191 pro
1069 2143 1182 2177 salute
1202 2141 1365 2188 corporis
1387 2141 1457 2176 mei
1477 2146 1512 2176 ct
1531 2141 1650 2176 anime
1670 2153 1748 2176 mee
1767 2149 1803 2176 et

239 2213 399 2248 omnium
428 2212 688 2248 antecessorum
717 2218 753 2248 et
779 2211 1016 2248 successorum
1043 2223 1205 2246 meorum
1233 2208 1365 2245 dedisse
1393 2215 1428 2244 et
1456 2208 1655 2244 conceffisse
1681 2215 1716 2244 et
1735 2209 1802 2244 hac

238 2280 397 2328 presenti
417 2286 518 2316 carta
536 2293 617 2316 mea
636 2280 859 2316 confirmasse
878 2280 960 2316 Deo
988 2285 1024 2315 et
1043 2278 1165 2314 domui
1187 2277 1317 2313 Samste
1339 2276 1532 2312 Trinitatis
1552 2277 1597 2312 de
1618 2276 1737 2312 Soltre
1757 2278 1802 2312 ad

240 2354 474 2396 augmentum
500 2348 731 2396 companagii
757 2360 958 2395 pauperum
986 2347 1121 2382 ibidem
1141 2345 1406 2382 confluencium
1427 2345 1517 2380 duos
1536 2344 1666 2379 solidos
1685 2346 1801 2392 perci-

240 2417 392 2465 piendos
418 2417 605 2453 annuatim
638 2417 684 2452 ad
715 2416 843 2451 festum
868 2416 1004 2451 Pasche
1034 2415 1078 2450 de
1110 2413 1320 2449 molendino
1350 2425 1432 2448 meo
1461 2413 1505 2448 de
1531 2411 1709 2460 WVystoun
1739 2425 1801 2460 per
