2147 2964
836 796 1096 850 INDEX.

202 962 315 996 ΑΒΒοτ,
330 960 502 997 Alexander,
521 961 586 990 113.

202 1013 416 1049 Abercrumbie,
432 1010 571 1050 Andreas,
584 1013 620 1042 de
635 1012 783 1050 Cameron,
801 1015 868 1042 145.

201 1065 362 1102 Aberdene,
386 1065 541 1102 Abirdene,
564 1065 695 1094 dominus
717 1065 866 1095 Johannes
895 1065 939 1102 de,

242 1122 394 1156 perpetuus
418 1118 542 1147 vicarius
566 1118 685 1148 ecclesie
710 1118 881 1157 parochialis
904 1118 939 1148 de

242 1169 428 1206 Peucatland,
445 1171 492 1199 50.

296 1222 359 1250 vide
372 1221 449 1259 Hay.

202 1273 422 1310 Aberdonensis,
438 1273 650 1310 Abirdonensis,
666 1274 861 1310 cancellarius,
877 1275 939 1303 vide

244 1325 392 1363 Dingvall.

297 1377 457 1413 canonicus,
472 1379 536 1406 vide
551 1378 686 1407 Diksone.

203 1447 281 1452 -—-
296 1429 424 1466 diocesis,
439 1429 566 1466 clericus,
575 1419 644 1458 'vide
658 1429 810 1459 Meldrum.

296 1481 450 1519 episcopm,
476 1481 622 1517 Gawinus,
648 1481 803 1511 rotulorum
826 1482 938 1519 registri

243 1543 271 1565 et
287 1536 397 1565 consilii
411 1535 538 1571 clericus,
555 1536 623 1564 331.
672 1535 743 1564 Vide
758 1535 896 1564 Dumbar.

296 1589 451 1627 episcopus,
466 1587 635 1623 willelmus,
652 1587 752 1616 secreti
772 1587 859 1625 sigilli
875 1597 938 1616 cus—

242 1645 294 1676 tos,
312 1642 358 1677 76,
376 1642 423 1676 77,
441 1641 508 1669 325.

203 1692 372 1730 Abirnethy,
389 1692 528 1727 dominus,
543 1691 605 1720 vide
620 1690 756 1719 Morauie.

295 1744 426 1773 dominus
440 1743 604 1772 Willelmus
618 1743 661 1778 de,
678 1744 726 1771 43.

295 1796 384 1834 Hugo
397 1796 442 1832 de,
455 1797 504 1824 46.

293 1848 428 1883 Jacobus,
445 1848 492 1883 92,
508 1848 556 1876 95.

202 1901 351 1937 Abirnyte,
367 1899 498 1928 dominus
512 1899 654 1927 Hem-icus
669 1898 713 1933 de,
729 1899 791 1927 vide
805 1898 876 1927 Ade.

202 1952 362 1986 Achesoun‚
390 1951 567 1984 Aehesoune,
597 1950 718 1986 Helena,
746 1951 810 1979 vide
838 1950 936 1988 Birny,

243 2004 373 2033 Stewart.

295 2057 460 2093 Margareta
480 2055 584 2083 Fraser
604 2063 706 2092 sponsa
727 2053 846 2089 Thome,
872 2055 936 2082 135.

247 2110 316 2138 Vide
329 2109 415 2137 etiam
431 2108 630 2136 Hendersoun.

201 2177 279 2182 ——
294 2161 428 2195 Thomas,
449 2159 601 2197 burgensis
621 2158 656 2187 de
671 2158 851 2196 Edinburgh,
870 2159 934 2195 135,

245 2214 309 2249 145,
326 2213 393 2241 148.

202 2265 392 2300 Adamesoun,
425 2263 567 2298 Adesonn,
605 2262 766 2300 Aydesoun,
796 2261 933 2297 Edisoun,

241 2317 377 2352 Andreas,
396 2316 425 2344 in
441 2314 650 2353 Spittelmylne,
669 2315 736 2342 144.

294 2368 397 2405 David,
407 2367 595 2406 portionarius
604 2366 638 2395 de
649 2365 859 2404 Spittelmyhe,
870 2366 934 2394 145.

297 2419 442 2450 Grissellis
456 2419 561 2457 Myllar
575 2428 677 2456 sponsa
691 2417 813 2454 Andree,
829 2419 894 2446 144.

991 961 1332 999 Adamesoun,.10annes‚
1351 962 1416 998 108,
1435 962 1499 998 109,
1518 963 1581 990 110.

1084 1015 1249 1052 margareta
1275 1014 1443 1043 Weiehman
1468 1023 1570 1052 sponsa
1593 1014 1721 1049 Joannis,

1033 1068 1099 1096 109.

991 1119 1062 1156 Ade,
1079 1119 1173 1148 Adam
1188 1119 1271 1155 filius,
1289 1119 1349 1148 vide
1364 1119 1499 1157 Philippi.

1083 1171 1214 1200 dominus
1229 1172 1384 1200 Duncanus
1398 1171 1479 1200 miles
1494 1171 1576 1207 filius,
1594 1173 1639 1200 13.

996 1241 1069 1246 —-
1084 1224 1214 1252 dominus
1243 1223 1384 1252 Henricus
1415 1224 1450 1252 de
1478 1224 1617 1261 Abirnyte
1644 1223 1724 1252 miles

1030 1275 1114 1310 filius,
1133 1277 1178 1304 13.

1086 1326 1192 1364 Symon
1206 1326 1289 1362 filius,
1307 1328 1355 1355 52.

991 1378 1134 1414 Adesoun,
1150 1378 1212 1407 vide
1226 1378 1434 1407 Adamesoune.

991 1431 1161 1468 Adisgrane,
1177 1431 1224 1459 43.

990 1483 1142 1520 Ahannay,
1159 1482 1292 1519 Hannay,
1307 1482 1444 1518 Andreas,
1461 1483 1508 1518 95,
1526 1484 1590 1519 106,
1607 1484 1674 1510 207.

990 1535 1107 1570 Aitoun,
1123 1535 1249 1572 Aytoun,
1263 1535 1405 1571 Aytoune,
1420 1534 1537 1563 baronia
1550 1534 1593 1571 de,
1609 1536 1673 1562 122.

1083 1587 1213 1615 dominus
1227 1586 1360 1623 Thomas,
1378 1588 1443 1614 112.

991 1654 1068 1659 —-
1080 1638 1235 1675 Johannes,
1257 1638 1349 1667 scriba
1370 1642 1398 1666 et
1419 1638 1555 1674 notarius,
1573 1639 1637 1674 124,
1656 1639 1722 1672 126,

1032 1691 1171 1719 129-132.

990 1742 1149 1777 Akinhede,
1165 1742 1313 1777 Patricius,
1331 1743 1396 1771 167.

989 1794 1084 1830 Alani,
1101 1794 1245 1823 Walterus
1259 1794 1342 1830 filius,
1357 1793 1465 1832 dapifer
1484 1803 1532 1822 seu
1551 1793 1720 1822 senescallus

1030 1846 1112 1884 regiS‚
1129 1847 1157 1875 3.

1082 1898 1226 1927 Walterus
1241 1897 1323 1934 filius,
1339 1897 1508 1926 senescallus
1523 1897 1596 1935 regis
1611 1897 1718 1935 (altem,

1029 1952 1077 1978 27.

988 2002 1140 2039 Alansone,
1155 2003 1175 2031 J
1178 2012 1290 2038 oannes,
1307 2003 1354 2031 65.

988 2054 1120 2090 Albanie,
1136 2054 1282 2083 Johannes
1301 2053 1368 2087 duX‚
1384 2053 1610 2091 consanguineus
1624 2058 1652 2082 et
1665 2063 1717 2091 gu-

1027 2106 1159 2134 bernator
1180 2105 1256 2143 regis
1277 2105 1380 2134 Jacobi
1403 2105 1448 2141 V.,
1472 2106 1540 2141 282,
1560 2106 1627 2141 287,
1650 2107 1716 2139 290,

1027 2158 1094 2186 327.

988 2209 1062 2238 Albo
1077 2209 1177 2245 Fonte,
1194 2208 1354 2245 Quhytwel,
1370 2208 1478 2246 capella
1491 2209 1534 2243 de,
1550 2210 1597 2237 29.

1079 2260 1238 2289 Edwardus
1251 2260 1294 2294 de,
1307 2260 1434 2297 clericus,
1448 2265 1539 2288 rector
1553 2260 1669 2289 ecclesie
1683 2261 1716 2289 de

1026 2312 1206 2349 Kirkmoljn,
1222 2313 1269 2348 28,
1285 2313 1332 2348 29,
1348 2313 1396 2341 49.

1079 2369 1152 2393 terre
1166 2365 1209 2399 de,
1225 2365 1272 2400 28,
1289 2365 1335 2401 29,
1351 2365 1398 2393 49.

988 2416 1120 2452 Albricti,
1136 2416 1280 2454 Aylbrith‚
1298 2417 1400 2448 Petrus
1415 2415 1498 2451 filius,
1514 2418 1540 2451 4,
1559 2418 1603 2444 15.

949 2470 1000 2497 21.-
