2147 2964
587 297 628 332 B.
658 295 826 332 MARIE
854 293 1095 331 VIRGINIS
1122 293 1193 328 DE
1218 290 1425 329 CAMPIS.
1721 290 1791 328 267

226 395 390 440 vesperas
416 395 455 429 in
483 394 595 429 choro
622 395 716 430 dicte
743 394 893 430 ecclesie
920 392 1114 439 collegiate
1141 404 1223 427 cum
1250 391 1312 426 suo
1339 389 1547 438 s'uppellicio
1574 388 1739 425 interesse
1756 396 1791 424 et

224 461 341 496 indies
361 474 443 497 cum
462 461 650 509 dispositus
669 462 779 498 fuerit
797 463 906 497 modo
925 474 996 508 quo
1015 461 1122 507 supra
1139 459 1276 495 missam
1296 459 1483 494 celebrare
1498 478 1505 485 -
1522 457 1689 492 Vlterius
1709 457 1790 491 volo

222 530 319 575 quod
339 542 412 564 non
432 529 474 564 sit
492 529 630 565 licitum
651 529 757 564 dictis
783 528 963 576 preposito
990 527 1135 563 balliuis
1162 528 1302 562 decano
1328 526 1427 573 gilde
1452 538 1520 561 nec
1540 524 1789 560 communitati

222 597 306 632 dieti
326 597 433 644 burgi
452 597 656 632 huiusmodi
676 597 878 644 capellanie
906 596 1070 644 patronis
1089 596 1242 631 eandem
1263 594 1477 630 distribuere
1500 599 1710 640 permutare
1729 594 1788 628 seu

221 664 341 698 alieno
359 664 420 698 vsu
440 664 618 699 distruere
639 664 699 699 sed
719 664 817 710 quod
835 664 982 699 omnino
1005 664 1051 698 ad
1079 663 1194 698 altare
1212 661 1412 709 predictum
1433 661 1469 696 in
1488 660 1691 696 huiusmodi
1711 662 1790 696 fun-

219 731 378 766 dationis
396 731 514 767 forma
540 737 728 766 remaneat
748 751 754 757 ·
774 730 924 778 Insuper
941 730 1023 765 volo
1047 731 1145 777 quod
1163 730 1188 764 si
1209 729 1399 776 contingat
1426 728 1539 774 ipsum
1559 728 1787 775 capellanum

218 799 278 845 qui
302 811 367 846 pro
386 804 548 846 tempore
575 799 687 835 fuerit
714 800 760 834 ad
787 798 1004 834 beneficium
1035 797 1184 844 aliquod
1210 797 1310 831 aliud
1336 796 1394 831 vel
1425 808 1550 831 curam
1578 797 1786 842 promoueri

216 867 313 913 quod
331 867 541 902 immediate
559 866 639 914 post
657 866 922 902 institutionem
941 865 1144 901 huiusmodi
1161 863 1329 900 beneficii
1348 864 1446 898 dicta
1464 863 1669 910 capellania
1683 871 1787 899 vacet

216 941 252 971 et
272 935 487 982 supradiais
515 935 679 982 patronis
708 947 750 970 eo
781 934 863 970 casu
895 934 1005 969 alium
1038 933 1269 981 capellanum
1299 932 1484 979 ydoneum
1511 931 1558 967 ad
1584 931 1787 967 huiusmodi

214 1003 454 1050 capellaniam
477 1002 667 1038 instituere
687 1002 812 1038 licebit
831 1002 879 1038 fic
897 1003 995 1049 quod
1021 1001 1225 1038 huiusmodi
1253 1000 1438 1035 institutus
1458 1000 1503 1035 de
1521 1012 1617 1035 nouo
1637 1000 1684 1035 ad
1703 1012 1786 1035 con-

212 1071 351 1106 tinuam
371 1070 603 1107 residentiam
624 1077 663 1107 ut
682 1072 789 1118 supra
815 1077 984 1107 arceatur
1007 1070 1157 1105 omnino
1184 1069 1286 1104 nullo
1313 1067 1574 1115 impedimento
1603 1067 1758 1103 cessante
1779 1091 1784 1095 -

212 1138 260 1174 Et
287 1152 355 1187 ego
384 1143 471 1174 vero
503 1139 605 1187 [etc]
628 1167 635 1175 .
657 1166 664 1173 .
687 1167 695 1174 .
714 1139 900 1175 reseruato
929 1145 1050 1174 tamen
1078 1138 1194 1173 libero
1222 1141 1431 1172 tenemento
1457 1134 1664 1170 huiusmodi
1688 1142 1786 1170 tene-

212 1207 326 1243 menti
351 1213 448 1242 terre
476 1213 560 1242 ante
587 1213 623 1242 et
650 1213 750 1243 retro
777 1207 900 1243 subtus
927 1213 964 1242 et
991 1207 1098 1253 supra
1126 1217 1209 1240 cum
1235 1202 1475 1251 pertinenciis
1501 1202 1609 1238 michi
1637 1209 1673 1238 et
1691 1203 1785 1238 dicte

213 1274 356 1310 Helene
385 1275 509 1321 sponse
536 1287 614 1310 mee
642 1287 709 1322 pro
735 1280 812 1310 toto
840 1280 1003 1322 tempore
1032 1274 1104 1308 vite
1131 1272 1295 1307 nostrum
1313 1292 1321 1299 ·
1342 1270 1387 1306 In
1415 1270 1518 1306 cuius
1546 1271 1600 1306 rei
1627 1271 1785 1306 testimo-

213 1343 313 1378 nium
341 1341 495 1389 sigillum
523 1354 642 1378 meum
669 1342 754 1377 huic
777 1342 938 1389 presenti
967 1347 1066 1377 carte
1095 1352 1173 1375 mee
1198 1351 1354 1375 vnacum
1382 1337 1498 1385 sigillo
1525 1338 1620 1374 dicte
1640 1337 1784 1374 Helene

214 1412 334 1458 sponse
353 1423 432 1446 mec
453 1438 460 1445 .
482 1437 489 1444 .
512 1438 519 1445 .
539 1422 681 1445 necnon
710 1409 825 1457 sigillo
854 1409 1078 1445 honorabilis
1098 1408 1169 1443 viri
1188 1406 1361 1442 Edwardi
1381 1405 1482 1441 Litill
1509 1405 1615 1440 vnius
1634 1405 1783 1441 balliuo-

212 1491 291 1514 rum
311 1479 395 1514 diffi
416 1478 521 1525 burgi
547 1478 697 1513 safinam
717 1478 805 1513 dicti
833 1477 1031 1513 tenementi
1059 1477 1096 1512 in
1117 1476 1255 1523 signum
1275 1474 1500 1510 executionis
1518 1474 1568 1509 sui
1587 1474 1694 1509 officii
1715 1501 1723 1509 .
1744 1501 1751 1508 .
1775 1503 1781 1509 .

212 1547 332 1582 dantis
353 1574 360 1581 .
382 1574 390 1581 .
412 1574 419 1581 .
441 1546 493 1582 est
511 1546 704 1594 appensum
725 1547 822 1593 apud
842 1546 1060 1594 Edinburgh
1080 1544 1250 1580 vicesimo
1269 1543 1367 1578 sexto
1387 1542 1446 1577 die
1464 1541 1594 1577 mensis
1612 1541 1781 1577 Januarij

212 1627 308 1650 anno
328 1614 479 1650 Domini
499 1614 687 1650 millesimo
711 1614 999 1662 quingentesimo
1021 1612 1186 1649 vicesimo
1213 1611 1371 1646 secundo
1399 1622 1521 1646 coram
1545 1610 1613 1645 hiis
1633 1610 1782 1646 testibus

212 1683 384 1718 videlicet
411 1682 583 1731 magistro
601 1682 742 1718 Jacobo
770 1682 921 1717 Lawson
949 1681 1119 1728 magistro
1145 1678 1339 1715 Franciseo
1359 1677 1530 1713 Bothuile
1550 1677 1781 1726 Kentigerno

213 1750 387 1786 Tennent
410 1749 582 1786 Johanne
612 1750 874 1797 Mauchquhen
902 1750 1048 1785 domino
1074 1748 1219 1784 Thoma
1247 1747 1375 1795 Smyth
1404 1746 1591 1794 capellano
1609 1746 1781 1782 Johanne

213 1818 349 1854 Foular
376 1825 411 1854 et
435 1817 634 1853 Vincentio
663 1816 937 1854 Straithauchin
968 1817 1118 1852 notariis
1149 1815 1305 1863 publicis
1335 1814 1479 1850 Thoma
1505 1814 1629 1850 Arnot
1654 1814 1780 1850 Dauid

211 1886 351 1922 Purves
378 1892 414 1921 et
434 1886 606 1922 Wilelmo
623 1885 753 1921 Nesbit
779 1885 953 1921 feriandis
981 1885 1067 1920 dicei
1096 1884 1202 1932 burgi
1230 1896 1309 1919 cum
1338 1882 1488 1918 diuersis
1516 1882 1596 1917 aliis
1615 1902 1622 1910 ·
1644 1882 1779 1925 Quam-

211 1955 358 2002 quidem
378 1960 516 1990 cartam
545 1955 800 1990 confirmamus
827 1953 933 1989 saluis
959 1954 1064 1989 nobis
1085 1981 1092 1988 .
1116 1980 1122 1987 .
1145 1980 1151 1986 .
1173 1951 1352 1998 suffragiis
1372 1979 1378 1985 .
1401 1978 1408 1985 .
1430 1978 1437 1985 .
1455 1950 1632 1998 capellani
1654 1978 1661 1985 .
1680 1979 1686 1986 .
1709 1979 1717 1985 .
1733 1950 1777 1986 In

212 2023 314 2058 cuius
333 2023 386 2058 rei
406 2022 652 2058 testimonium
672 2029 741 2057 etc.
761 2022 858 2069 apud
1072 2020 1131 2055 die
1150 2019 1280 2055 mensis
1515 2031 1611 2053 anno
1626 2017 1776 2053 Domini

211 2091 398 2126 millesimo
418 2090 707 2138 quingentesimo
907 2096 943 2124 et
961 2088 1065 2136 regni
1085 2088 1198 2124 nostri

211 2251 325 2287 Carta
343 2250 656 2286 admortizationis
675 2249 809 2284 Jonete
829 2248 1011 2295 Kennedy
1031 2247 1176 2282 domine
1197 2245 1378 2281 Bothuile.

207 2352 393 2405 JAcosz
419 2368 491 2403 Dei
519 2367 645 2415 gracia
672 2379 735 2402 rex
757 2365 948 2402 Scotorum
976 2364 1143 2399 omnibus
1166 2362 1290 2410 probis
1314 2360 1519 2396 hominibus
1541 2362 1657 2397 tocius
1677 2369 1773 2398 terre

208 2438 268 2472 sue
295 2437 437 2472 clericis
465 2442 500 2471 et
527 2435 630 2471 laicis
659 2435 807 2470 salutem
827 2455 834 2462 ·
857 2433 988 2470 Sciatis
1016 2444 1082 2467 nos
1109 2431 1289 2477 quandam
1319 2435 1455 2465 cartam
1476 2456 1483 2463 .
1504 2457 1510 2463 .
1533 2456 1539 2463 .
1560 2429 1772 2465 intellexisse
