2147 2964
252 1932 319 1967 193

361 329 433 363 216
659 323 973 361 REGISTRUM
1004 321 1258 359 ECCLESIE
1289 321 1634 358 COLLEGIATE

361 425 542 473 preposito
562 430 598 459 et
616 422 871 471 prebendariis
895 421 1085 458 humiliter
1112 421 1327 456 inclinando
1355 421 1467 468 peciit
1487 421 1629 457 veniam
1656 433 1677 456 a
1696 421 1790 456 (liceo
1809 433 1937 469 prepo-

361 495 425 529 tito
445 499 480 529 et
499 492 756 540 prebendariis
775 504 842 539 pro
862 491 933 526 suis
953 489 1132 525 dimeritis
1152 494 1187 525 et
1206 489 1351 525 iniuriis
1370 489 1483 525 illatis
1502 495 1538 525 et
1556 489 1777 537 perpetratis
1796 490 1938 537 prefato

359 560 541 609 preposito
571 566 607 596 et
635 558 885 608 prebendariis
914 565 949 594 ct
981 558 1062 594 ideo
1094 571 1136 593 ex
1169 558 1232 593 sua
1261 558 1414 606 propria
1445 557 1666 593 confeffione
1696 563 1732 594 et
1765 557 1938 593 consensu

359 631 477 679 posuit
505 631 538 665 se
566 630 604 665 in
634 629 858 664 voluntatem
890 628 977 663 dicti
1008 627 1180 676 prepositi
1208 632 1244 663 et
1271 626 1420 675 capituli
1449 639 1594 662 necnon
1622 626 1669 661 ad
1694 625 1937 661 satisdandum

360 699 497 735 fabrice
525 699 619 734 difite
648 696 798 733 ecclesie
826 709 893 744 pro
922 696 992 731 suis
1022 695 1202 731 dimeritis
1231 695 1405 731 summam
1435 695 1561 730 decem
1589 694 1765 730 librarum
1792 700 1938 729 monete

363 767 489 804 Scocie
509 766 705 802 leuandam
731 771 767 801 et
791 765 1040 812 recipiendam
1067 777 1134 811 per
1153 763 1384 799 colleewrem
1405 763 1498 798 dicte
1518 762 1668 798 ecclesie
1687 775 1754 810 pro
1773 768 1937 809 tempore

362 836 508 871 nomine
529 834 699 882 simplicis
722 833 875 869 emende
895 855 902 861 -
923 845 1069 868 necnon
1097 832 1236 880 obligat
1260 832 1294 867 se
1319 831 1356 866 in
1376 831 1535 866 vberiori
1562 831 1681 866 forma
1699 829 1937 877 obligacionis

361 905 385 939 si
416 903 607 950 contingat
635 902 751 950 ipsum
780 901 817 936 in
845 901 1008 936 futurum
1035 906 1250 948 perpetrare
1274 899 1334 935 seu
1353 899 1582 935 committere
1612 899 1685 934 tale
1712 898 1855 934 facinus
1875 905 1937 934 aut

361 973 509 1020 aliquod
542 972 679 1008 crimen
712 973 771 1006 seu
801 970 973 1006 delictum
994 969 1051 1005 vel
1078 969 1254 1004 iniuriare
1281 968 1463 1016 prefatum
1489 966 1711 1015 prepositum
1731 973 1766 1002 et
1784 967 1937 1015 preben-

361 1041 482 1077 darios
501 1046 589 1076 tunc
609 1045 645 1075 et
663 1039 733 1074 hoc
753 1038 835 1074 casu
855 1038 993 1085 obligat
1012 1038 1046 1073 se
1066 1037 1330 1073 remouendum
1354 1036 1414 1071 seu
1434 1035 1629 1071 delendum
1656 1035 1735 1070 fore
1755 1048 1776 1070 a
1794 1035 1936 1082 prefato

362 1111 423 1145 suo
442 1109 594 1144 seruicio
614 1108 674 1143 seu
693 1106 873 1143 beneficio
893 1107 991 1153 quod
1018 1106 1128 1141 habet
1147 1111 1183 1140 et
1203 1104 1357 1152 poffidet
1382 1104 1420 1139 in
1440 1104 1537 1139 dieta
1564 1103 1716 1139 ecclesia
1743 1103 1935 1151 collegiata

362 1176 613 1223 videlicetfra
632 1176 688 1210 his
707 1175 960 1222 beclmansclw'p
977 1196 984 1202 -
1003 1173 1084 1216 Que
1101 1173 1225 1208 omnia
1244 1178 1280 1208 et
1299 1171 1440 1218 singula
1456 1171 1625 1219 premissa
1639 1172 1754 1207 dictus
1770 1172 1937 1207 dominus

360 1246 522 1281 Jacobus
548 1244 748 1280 ratificauit
775 1243 997 1290 approbauit
1024 1248 1134 1289 prout
1160 1241 1318 1276 ratificat
1345 1246 1382 1275 et
1409 1240 1589 1287 approbat
1608 1240 1667 1275 die
1695 1245 1730 1275 et
1750 1253 1846 1275 anno
1866 1253 1937 1287 quo

362 1315 469 1362 supra
487 1335 494 1342 ·
514 1312 558 1348 In
580 1325 734 1359 quorum
757 1311 867 1346 fidem
896 1316 931 1346 et
958 1309 1203 1346 testimonium
1230 1309 1346 1343 dietus
1366 1308 1535 1343 dominus
1554 1308 1717 1343 Jacobus
1733 1308 1937 1356 subscripsit

362 1383 424 1418 sua
447 1381 597 1429 propria
625 1378 891 1426 subscripcione
914 1378 1075 1413 manuali
1102 1376 1385 1424 suprascriptum
1405 1378 1523 1412 aetum
1544 1389 1700 1412 vnacum
1728 1376 1937 1424 subscripci-

363 1451 492 1486 onibus
512 1449 595 1484 dieti
615 1447 788 1496 prepofiti
808 1454 844 1483 et
867 1447 970 1483 chori
998 1446 1327 1494 prebendariorum
1354 1457 1499 1481 necnon
1518 1445 1784 1493 subscripcione
1803 1445 1936 1481 notarii

362 1518 564 1565 subscripti.

415 1587 621 1623 Gssoaoms
645 1585 933 1621 CLAPPERTOUN
951 1583 1154 1632 prepositus
1260 1582 1438 1618 JoANNEs
1455 1581 1717 1618 LEmMONTuT
1734 1583 1936 1630 prebenda-

411 1656 540 1692 JAMES
562 1655 763 1690 WATsoUN
1317 1651 1394 1686 rius

412 1724 598 1760 DOM1NUS
613 1723 791 1759 JOANNES
808 1720 976 1756 DUNLOP
993 1720 1221 1755 subdecanus

739 1789 798 1825 Ita
817 1788 868 1824 est
885 1788 1064 1824 JOANNES
1085 1787 1172 1823 ΚΕΗ
1192 1787 1358 1823 notarius
1377 1787 1415 1823 in
1434 1787 1612 1835 premiffis
1630 1787 1836 1836 requisitus.

366 1914 444 1967 AT
471 1929 533 1965 the
562 1927 703 1970 Quenis
732 1925 883 1973 college
912 1924 1025 1973 besyd.
1050 1922 1271 1971 Edinburgh
1297 1923 1359 1959 the
1386 1923 1456 1971 fyft
1479 1924 1551 1972 day
1571 1924 1611 1959 of
1634 1923 1788 1960 Marone
1815 1925 1853 1960 in
1873 1925 1934 1960 the

364 1998 482 2046 yheyr
501 1997 541 2032 of
559 1996 644 2032 God
663 2007 731 2030 ane
750 1994 931 2030 thousand
949 1993 1025 2041 fyfe
1052 1991 1197 2027 hunder
1216 1991 1289 2026 and
1315 1991 1353 2026 xl
1372 1992 1490 2028 awcht
1508 1992 1659 2041 yheyris
1678 2013 1685 2019 -
1706 1992 1787 2028 The
1807 1993 1935 2040 quhilk

365 2067 436 2113 day
455 2065 483 2100 it
502 2066 532 2100 is
551 2063 751 2112 appowntit
777 2062 851 2097 and
877 2062 1021 2110 aggreit
1048 2060 1172 2096 betuix
1199 2060 1261 2095 the
1284 2060 1440 2107 prowest
1462 2062 1535 2096 and
1554 2062 1791 2109 prebendaris
1811 2062 1851 2097 of
1874 2062 1934 2098 the

366 2134 439 2169 laid
455 2133 595 2180 college
610 2144 680 2167 one
695 2131 774 2167 that
789 2143 857 2165 ane
869 2135 953 2177 part
972 2129 1045 2164 and
1062 2128 1169 2165 Schir
1183 2128 1207 2164 J
1211 2129 1334 2165 hames
1349 2129 1524 2165 Watsone
1540 2130 1718 2177 chaplene
1733 2131 1773 2166 of
1784 2131 1844 2166 the
1859 2130 1934 2165 said

366 2202 507 2249 college
527 2213 596 2236 one
616 2200 676 2235 the
697 2198 804 2234 vther
822 2203 905 2246 part
924 2211 963 2233 as
982 2197 1079 2245 eftyr
1098 2197 1255 2232 followis
1274 2197 1353 2233 that
1380 2197 1410 2232 is
1429 2203 1465 2232 to
1485 2198 1546 2246 say
1566 2218 1574 2226 ·
1595 2197 1759 2233 Becawis
1778 2198 1839 2233 the
1858 2198 1933 2233 said

368 2270 474 2306 Schir
492 2269 517 2305 J
520 2269 644 2305 hames
659 2268 723 2303 hes
741 2267 855 2303 nocht
873 2272 1039 2303 remanet
1058 2279 1096 2301 as
1116 2266 1237 2302 afferit
1262 2266 1300 2300 in
1320 2265 1381 2301 the
1400 2265 1538 2301 seruice
1557 2266 1597 2301 of
1621 2265 1681 2301 the
1700 2265 1775 2301 said
1793 2265 1932 2313 college

366 2339 428 2373 bot
450 2338 514 2373 hes
541 2337 696 2372 absentit
722 2336 798 2371 him
822 2335 945 2371 diuers
972 2340 1090 2382 tymes
1117 2335 1155 2370 in
1183 2340 1260 2382 tym
1286 2334 1418 2381 bigane
1447 2334 1518 2369 and
1545 2333 1749 2382 presentlye
1767 2333 1832 2368 hes
1851 2347 1932 2382 pur·

367 2406 466 2441 chest
483 2405 610 2452 lycens
637 2411 674 2440 at
701 2404 762 2440 the
789 2404 866 2439 said
891 2403 1046 2451 prowest
1074 2403 1146 2438 and
1174 2401 1352 2449 cheptour
1381 2408 1418 2437 to
1449 2414 1596 2437 ramene
1624 2401 1660 2436 in
1689 2400 1932 2438 Dunbertane

369 2486 410 2508 01·
428 2472 559 2519 quhair
575 2472 622 2507 he
642 2472 749 2519 pletis
768 2472 824 2506 for
849 2476 998 2506 certane
1018 2469 1132 2506 causis
1151 2481 1314 2505 mowene
1334 2481 1382 2504 ws
1410 2469 1482 2504 and
1509 2468 1583 2503 him
1611 2468 1779 2505 thairone
1800 2483 1852 2505 we
1871 2471 1931 2506 the
