2147 2964
815 303 886 339 DE
914 303 1186 342 DALKETH.
1707 314 1775 346 321

207 401 412 437 huiusmodi
439 401 627 438 reseruare
651 415 694 438 ac
721 403 811 438 alias
838 403 875 438 in
902 403 1076 450 premissis
1101 404 1225 439 decori
1253 410 1289 440 et
1309 405 1487 442 venustati
1507 406 1600 442 dieue
1628 408 1778 445 ecclesie

207 469 403 516 prouidere
435 470 480 505 de
511 470 736 518 benignitate
768 470 968 518 apostolica
999 471 1235 518 dignaremur
1262 493 1270 500 ·
1298 472 1376 508 Nos
1405 473 1519 521 igitur
1546 475 1608 521 qui
1640 476 1777 513 dudum

208 537 305 573 inter
321 537 393 572 alia
408 537 574 573 volumus
593 538 691 585 quod
709 543 875 585 petentes
893 536 1071 573 beneficia
1089 537 1332 573 ecclesiastica
1351 538 1431 574 aliis
1451 540 1544 575 vniri
1564 547 1778 578 tenerentur

208 605 412 652 exprimere
432 617 557 640 verum
577 605 738 641 valorem
758 605 953 641 secundum
974 617 1202 640 communem
1230 606 1498 643 estimacionem
1519 614 1591 644 tam
1610 609 1776 645 beneficii

208 673 358 708 vniendi
382 685 490 720 quam
522 673 619 708 illius
647 673 704 708 cui
734 673 827 708 vniri
855 680 1044 720 peteretur
1070 672 1230 719 alioquin
1259 674 1344 709 vnio
1374 686 1447 709 non
1477 675 1615 711 valeret
1641 677 1776 724 quique

207 740 350 776 felicem
369 740 602 776 ecclesiarum
622 741 867 787 quarumlibet
894 740 1025 776 statum
1051 740 1201 775 intensis
1220 740 1408 776 desideriis
1425 743 1632 779 affectamus
1652 757 1776 780 verum

207 808 367 844 valorem
395 821 557 844 annuum
585 814 659 844 tam
686 808 806 844 mense
837 807 1049 855 capitularis
1077 808 1171 843 dicte
1205 808 1354 844 ecclesie
1384 809 1506 845 83,ηᾶὶί
1534 810 1706 847 Nicholai
1736 826 1777 848 ac

207 876 489 912 canonicatuum
505 882 540 912 et
554 876 824 924 prebendarum
841 881 877 911 et
891 875 1152 911 beneficiorum
1170 876 1430 922 erigendorum
1448 877 1651 914 huiusmodi
1670 893 1777 927 quam

209 944 388 979 dictarum
408 944 674 991 parochialium
694 943 926 979 ecclesiarum
947 944 1174 991 presentibus
1198 956 1266 991 pro
1285 944 1447 992 expresso
1466 945 1641 983 habentes
1660 948 1776 984 huius-

206 1012 302 1048 modi
321 1012 838 1059 supplicacionibus.inclinati
858 1011 1072 1047 discrecioni
1092 1012 1210 1048 vestre
1226 1026 1292 1060 per
1311 1014 1510 1061 apostolica
1528 1016 1661 1063 scripta
1679 1031 1777 1053 man-

205 1081 332 1116 damus
351 1086 531 1127 quatenus
550 1093 614 1115 vos
633 1080 691 1116 vel
719 1081 791 1115 (luo
819 1086 881 1115 aut
908 1093 1000 1115 vnus
1024 1081 1182 1115 vestrum
1212 1081 1349 1116 voeatis
1377 1094 1531 1128 quorum
1559 1083 1709 1119 interest
1733 1086 1777 1121 de

205 1148 380 1196 premissis
400 1149 568 1184 omnibus
595 1154 631 1184 et
658 1147 807 1196 singulis
835 1160 1031 1194 eorumque
1059 1147 1348 1184 circumstanciis
1369 1150 1543 1186 vniuersis
1562 1153 1778 1188 auctoritate

206 1217 331 1252 nostra
361 1229 425 1252 vos
457 1216 653 1264 diligenter
684 1216 890 1251 informetis
914 1237 921 1243 -
944 1222 980 1251 et
1012 1215 1036 1250 fi
1066 1228 1132 1262 per
1163 1215 1466 1252 informacionem
1494 1218 1604 1265 ipsam
1632 1220 1684 1255 ita
1711 1220 1778 1256 esse

207 1284 417 1332 repereritis
444 1296 526 1319 cum
554 1282 701 1319 consilio
729 1288 765 1318 ct
791 1283 928 1318 assensu
955 1283 1039 1318 dieti
1068 1283 1208 1318 comitis
1236 1284 1281 1318 de
1309 1284 1486 1320 friiffibus
1513 1287 1716 1324 redditibus
1743 1296 1778 1324 et

207 1353 446 1400 prouentibus
473 1352 649 1387 difflarum
678 1350 942 1398 parochialium
971 1350 1204 1386 ecclesiarum
1232 1352 1424 1388 reseruatis
1452 1359 1574 1389 tamen
1599 1355 1704 1403 super
1728 1357 1778 1392 eis

207 1429 243 1457 et
271 1433 395 1457 earum
423 1420 571 1466 singulis
598 1419 834 1466 porcionibus
863 1419 1150 1466 congruentibus
1184 1432 1250 1467 pro
1279 1421 1394 1455 tribus
1421 1423 1606 1469 perpetuis
1635 1424 1778 1460 vicariis

208 1489 271 1536 qui
296 1489 332 1524 in
353 1489 456 1524 dietis
485 1487 754 1535 parochialibus
782 1487 942 1522 ecclesiis
970 1487 1154 1522 deseruirc
1181 1487 1341 1523 habeant
1368 1489 1405 1523 in
1434 1489 1568 1525 diuinis
1595 1498 1630 1526 et
1654 1505 1778 1528 curam

208 1558 411 1592 animarum
447 1556 754 1605 parochianorum
790 1556 989 1591 eorundem
1026 1568 1200 1591 exercere
1236 1562 1271 1591 et
1302 1556 1347 1591 de
1390 1557 1520 1603 quibus
1551 1559 1585 1594 se
1618 1572 1778 1607 congrue

209 1626 408 1661 sustentare
439 1623 570 1672 poffint
601 1625 636 1659 in
674 1623 771 1658 dicta
808 1622 959 1659 ecclesia
996 1622 1118 1659 Sancti
1155 1623 1328 1659 Nicholai
1365 1624 1504 1672 aliquos
1543 1628 1778 1664 canonicatus

210 1701 246 1730 et
277 1694 482 1741 prebendas
521 1705 603 1728 cum
638 1692 803 1739 insigniis
841 1698 877 1727 et
913 1692 1053 1727 iuribus
1092 1692 1366 1728 canonicalibus
1410 1694 1454 1728 de
1498 1707 1595 1730 nouo
1637 1696 1778 1743 erigere

209 1761 351 1808 illisque
386 1773 453 1808 pro
489 1761 574 1796 dote
610 1760 654 1795 de
690 1760 865 1795 fructibus
906 1760 1078 1806 prediffis
1120 1767 1229 1807 prout
1266 1760 1366 1795 vobis
1404 1761 1584 1798 videbitur
1620 1764 1779 1800 sufficere

210 1829 388 1877 assignare
432 1828 618 1876 applicare
663 1833 698 1863 et
742 1827 977 1875 appropriare
1018 1840 1061 1863 ac
1105 1828 1220 1863 eciam
1262 1828 1383 1864 dotem
1422 1830 1648 1877 prepositure
1686 1833 1779 1868 dicte

210 1898 360 1934 ecclesie
395 1897 517 1933 San&i
549 1895 723 1932 Nicholai
752 1896 777 1931 si
805 1896 907 1931 vobis
943 1896 1127 1931 uidebitur
1159 1909 1293 1943 augere
1325 1903 1360 1932 et
1393 1897 1438 1932 de
1468 1898 1574 1933 dictis
1604 1899 1779 1936 frudfibus

210 1965 476 2013 parochialium
510 1964 743 2000 ecclesiarum
778 1964 914 2010 aliquid
948 1964 1001 1999 illi
1035 1964 1218 2011 applicare
1254 1970 1290 2000 et
1325 1966 1562 2012 appropriare
1594 1980 1637 2003 ac
1663 1969 1779 2004 eciam

212 2035 257 2070 de
298 2034 430 2069 eisdem
470 2033 646 2068 fructibus
673 2033 697 2067 si
729 2032 776 2067 ad
809 2032 877 2067 hoc
914 2032 1128 2068 sufficientes
1164 2039 1271 2068 erunt
1307 2033 1428 2080 aliqua
1462 2042 1639 2082 perpetua
1674 2037 1779 2073 bene-

212 2103 295 2138 ficia
338 2101 580 2137 ecclesiastica
616 2101 690 2135 sine
726 2113 814 2135 cura
858 2100 896 2135 in
939 2100 1036 2135 (Ιίἃῆ
1073 2100 1223 2137 ecclesia
1261 2101 1456 2149 collegiata
1495 2115 1561 2149 pro
1599 2104 1779 2152 aliquibus

212 2170 355 2206 clericis
387 2170 447 2205 seu
478 2168 686 2216 presbiteris
722 2168 758 2203 in
798 2168 859 2203 illa
896 2168 1126 2204 instituendis
1163 2169 1208 2204 de
1239 2182 1335 2204 nouo
1367 2182 1493 2205 creare
1524 2177 1559 2206 et
1590 2172 1779 2209 instituere

211 2252 254 2274 ac
289 2238 362 2274 alia
398 2238 520 2273 facere
555 2243 592 2272 et
626 2236 796 2271 ordinare
832 2242 941 2284 prout
976 2237 1078 2272 vobis
1114 2249 1195 2272 cum
1233 2236 1381 2272 consilio
1418 2244 1454 2273 et
1490 2240 1663 2275 consensu
1700 2254 1780 2288 pre-

212 2307 317 2342 dietis
349 2319 391 2341 ac
423 2305 617 2341 secundum
650 2305 761 2340 decus
793 2310 829 2340 et
863 2304 1089 2340 honestatem
1124 2304 1219 2340 dieto
1258 2304 1407 2340 ecclesie
1447 2305 1570 2342 Sanffl
1606 2307 1779 2346 Nicholai

213 2374 394 2410 videbitur
432 2373 625 2409 salubriter
664 2372 837 2419 expedire
877 2373 1092 2408 auctoritate
1131 2372 1255 2408 nostra
1294 2373 1428 2409 curetis
1463 2374 1511 2410 ita
1548 2377 1646 2422 quod
1678 2377 1779 2414 simul

213 2443 272 2478 uel
302 2441 495 2478 succeffiue
527 2441 741 2477 cedentibus
772 2440 830 2476 uel
865 2440 1126 2476 decedentibus
1158 2440 1334 2476 diu-,arum
1366 2442 1628 2490 parochialium
1665 2446 1779 2482 eccle-

953 2511 975 2542 2
995 2520 1012 2543 s
