<?xml version="1.0" encoding="UTF-8"?>
<!DOCTYPE html PUBLIC "-//W3C//DTD XHTML 1.0 Transitional//EN"
    "http://www.w3.org/TR/xhtml1/DTD/xhtml1-transitional.dtd">
<html xmlns="http://www.w3.org/1999/xhtml" xml:lang="en" lang="en">
 <head>
  <title>
</title>
<meta http-equiv="Content-Type" content="text/html;charset=utf-8" />
  <meta name='ocr-system' content='tesseract 3.04.00' />
  <meta name='ocr-capabilities' content='ocr_page ocr_carea ocr_par ocr_line ocrx_word'/>
</head>
<body>
  <div class='ocr_page' id='page_1' title='image "./registrumdomusde00lain_0055.png"; bbox 0 0 2147 2964; ppageno 0'>
   <div class='ocr_carea' id='block_1_1' title="bbox 560 319 1783 363">
    <p class='ocr_par' dir='ltr' id='par_1_1' title="bbox 560 319 1783 363">
     <span class='ocr_line' id='line_1_1' title="bbox 560 319 1783 363; baseline 0.002 -6"><span class='ocrx_word' id='word_1_1' title='bbox 560 319 788 357; x_wconf 91' lang='lat' dir='ltr'><strong>TRINITY</strong></span> <span class='ocrx_word' id='word_1_2' title='bbox 818 320 1073 363; x_wconf 87' lang='lat' dir='ltr'>COLLEGE,</span> <span class='ocrx_word' id='word_1_3' title='bbox 1104 320 1441 360; x_wconf 87' lang='lat' dir='ltr'>EDINBURGH.</span> <span class='ocrx_word' id='word_1_4' title='bbox 1710 325 1783 360; x_wconf 85' lang='lat' dir='ltr'><strong>xvii</strong></span> 
     </span>
    </p>
   </div>
   <div class='ocr_carea' id='block_1_2' title="bbox 206 419 1785 738">
    <p class='ocr_par' dir='ltr' id='par_1_2' title="bbox 206 419 1785 738">
     <span class='ocr_line' id='line_1_2' title="bbox 209 419 1784 463; baseline 0.002 -12"><span class='ocrx_word' id='word_1_5' title='bbox 209 419 338 451; x_wconf 86' lang='lat' dir='ltr'><strong>diuersis</strong></span> <span class='ocrx_word' id='word_1_6' title='bbox 354 419 473 450; x_wconf 87' lang='lat' dir='ltr'><strong>vicibus</strong></span> <span class='ocrx_word' id='word_1_7' title='bbox 497 422 531 449; x_wconf 82' lang='lat' dir='ltr'><strong>vt</strong></span> <span class='ocrx_word' id='word_1_8' title='bbox 554 421 642 460; x_wconf 80' lang='lat' dir='ltr'><strong>patet</strong></span> <span class='ocrx_word' id='word_1_9' title='bbox 668 430 722 461; x_wconf 86' lang='lat' dir='ltr'><strong>per</strong></span> <span class='ocrx_word' id='word_1_10' title='bbox 745 420 905 452; x_wconf 80' lang='lat' dir='ltr'>scedulam</span> <span class='ocrx_word' id='word_1_11' title='bbox 929 430 1020 451; x_wconf 88' lang='lat' dir='ltr'><strong>suam</strong></span> <span class='ocrx_word' id='word_1_12' title='bbox 1047 430 1145 452; x_wconf 89' lang='lat' dir='ltr'><strong>manu</strong></span> <span class='ocrx_word' id='word_1_13' title='bbox 1170 431 1227 452; x_wconf 87' lang='lat' dir='ltr'><strong>sua</strong></span> <span class='ocrx_word' id='word_1_14' title='bbox 1249 421 1398 463; x_wconf 80' lang='lat' dir='ltr'><strong>scriptam</strong></span> <span class='ocrx_word' id='word_1_15' title='bbox 1421 421 1460 453; x_wconf 91' lang='lat' dir='ltr'><strong>de</strong></span> <span class='ocrx_word' id='word_1_16' title='bbox 1482 424 1606 463; x_wconf 79' lang='lat' dir='ltr'><strong>recepto</strong></span> <span class='ocrx_word' id='word_1_17' title='bbox 1628 423 1784 454; x_wconf 76' lang='lat' dir='ltr'>ostensam</span> 
     </span>
     <span class='ocr_line' id='line_1_3' title="bbox 209 473 1785 519; baseline 0.003 -13"><span class='ocrx_word' id='word_1_18' title='bbox 209 485 301 516; x_wconf 89' lang='lat' dir='ltr'><strong>super</strong></span> <span class='ocrx_word' id='word_1_19' title='bbox 314 477 494 515; x_wconf 83' lang='lat' dir='ltr'><strong>compotum</strong></span> <span class='ocrx_word' id='word_1_20' title='bbox 511 473 612 505; x_wconf 72' lang='lat' dir='ltr'><strong>i⁰xxix</strong></span> <span class='ocrx_word' id='word_1_21' title='bbox 624 474 655 506; x_wconf 92' lang='lat' dir='ltr'><strong>li.</strong></span> <span class='ocrx_word' id='word_1_22' title='bbox 673 474 706 506; x_wconf 90' lang='lat' dir='ltr'><strong>ix</strong></span> <span class='ocrx_word' id='word_1_23' title='bbox 716 485 737 506; x_wconf 86' lang='lat' dir='ltr'><strong>s.</strong></span> <span class='ocrx_word' id='word_1_24' title='bbox 756 474 802 506; x_wconf 88' lang='lat' dir='ltr'><strong>iiii</strong></span> <span class='ocrx_word' id='word_1_25' title='bbox 812 475 841 506; x_wconf 87' lang='lat' dir='ltr'><strong>d.</strong></span> <span class='ocrx_word' id='word_1_26' title='bbox 888 474 932 506; x_wconf 87' lang='lat' dir='ltr'><strong>Et</strong></span> <span class='ocrx_word' id='word_1_27' title='bbox 948 474 1032 506; x_wconf 86' lang='lat' dir='ltr'><strong>dicto</strong></span> <span class='ocrx_word' id='word_1_28' title='bbox 1047 474 1203 507; x_wconf 88' lang='lat' dir='ltr'><strong>Edwardo</strong></span> <span class='ocrx_word' id='word_1_29' title='bbox 1218 476 1259 508; x_wconf 84' lang='lat' dir='ltr'><strong>ad</strong></span> <span class='ocrx_word' id='word_1_30' title='bbox 1274 476 1392 509; x_wconf 86' lang='lat' dir='ltr'><strong>dictam</strong></span> <span class='ocrx_word' id='word_1_31' title='bbox 1411 476 1564 508; x_wconf 86' lang='lat' dir='ltr'><strong>fabricam</strong></span> <span class='ocrx_word' id='word_1_32' title='bbox 1580 478 1613 508; x_wconf 84' lang='lat' dir='ltr'><strong>vt</strong></span> <span class='ocrx_word' id='word_1_33' title='bbox 1628 480 1716 518; x_wconf 81' lang='lat' dir='ltr'><strong>patet</strong></span> <span class='ocrx_word' id='word_1_34' title='bbox 1731 487 1785 519; x_wconf 87' lang='lat' dir='ltr'><strong>per</strong></span> 
     </span>
     <span class='ocr_line' id='line_1_4' title="bbox 209 528 1785 575; baseline 0.003 -15"><span class='ocrx_word' id='word_1_35' title='bbox 209 530 298 560; x_wconf 88' lang='lat' dir='ltr'><strong>binas</strong></span> <span class='ocrx_word' id='word_1_36' title='bbox 312 528 452 560; x_wconf 80' lang='lat' dir='ltr'>scedulas</span> <span class='ocrx_word' id='word_1_37' title='bbox 467 528 506 560; x_wconf 86' lang='lat' dir='ltr'><strong>de</strong></span> <span class='ocrx_word' id='word_1_38' title='bbox 521 533 645 571; x_wconf 82' lang='lat' dir='ltr'><strong>recepto</strong></span> <span class='ocrx_word' id='word_1_39' title='bbox 661 540 758 561; x_wconf 87' lang='lat' dir='ltr'><strong>manu</strong></span> <span class='ocrx_word' id='word_1_40' title='bbox 781 540 838 561; x_wconf 83' lang='lat' dir='ltr'><strong>sua</strong></span> <span class='ocrx_word' id='word_1_41' title='bbox 860 529 1049 570; x_wconf 84' lang='lat' dir='ltr'><strong>subscriptas</strong></span> <span class='ocrx_word' id='word_1_42' title='bbox 1072 534 1211 563; x_wconf 84' lang='lat' dir='ltr'><strong>ostensas</strong></span> <span class='ocrx_word' id='word_1_43' title='bbox 1234 542 1327 574; x_wconf 89' lang='lat' dir='ltr'><strong>super</strong></span> <span class='ocrx_word' id='word_1_44' title='bbox 1345 536 1528 574; x_wconf 81' lang='lat' dir='ltr'><strong>compotum</strong></span> <span class='ocrx_word' id='word_1_45' title='bbox 1544 532 1634 564; x_wconf 84' lang='lat' dir='ltr'><strong>xlviii</strong></span> <span class='ocrx_word' id='word_1_46' title='bbox 1644 532 1675 565; x_wconf 89' lang='lat' dir='ltr'><strong>li.</strong></span> <span class='ocrx_word' id='word_1_47' title='bbox 1693 543 1785 575; x_wconf 87' lang='lat' dir='ltr'><strong>super</strong></span> 
     </span>
     <span class='ocr_line' id='line_1_5' title="bbox 207 583 1784 625; baseline 0.003 -10"><span class='ocrx_word' id='word_1_48' title='bbox 207 583 321 625; x_wconf 86' lang='lat' dir='ltr'><strong>quibus</strong></span> <span class='ocrx_word' id='word_1_49' title='bbox 336 583 581 624; x_wconf 80' lang='lat' dir='ltr'><strong>compotandum</strong></span> <span class='ocrx_word' id='word_1_50' title='bbox 599 586 645 616; x_wconf 81' lang='lat' dir='ltr'><strong>est</strong></span> <span class='ocrx_word' id='word_1_51' title='bbox 660 595 735 616; x_wconf 90' lang='lat' dir='ltr'><strong>cum</strong></span> <span class='ocrx_word' id='word_1_52' title='bbox 756 585 840 616; x_wconf 87' lang='lat' dir='ltr'><strong>dicto</strong></span> <span class='ocrx_word' id='word_1_53' title='bbox 855 584 1022 616; x_wconf 89' lang='lat' dir='ltr'><strong>Edwardo.</strong></span> <span class='ocrx_word' id='word_1_54' title='bbox 1068 586 1112 617; x_wconf 81' lang='lat' dir='ltr'><strong>Et</strong></span> <span class='ocrx_word' id='word_1_55' title='bbox 1128 586 1212 618; x_wconf 80' lang='lat' dir='ltr'><strong>dicto</strong></span> <span class='ocrx_word' id='word_1_56' title='bbox 1227 586 1251 619; x_wconf 84' lang='lat' dir='ltr'>J</span> <span class='ocrx_word' id='word_1_57' title='bbox 1252 587 1369 619; x_wconf 89' lang='lat' dir='ltr'><strong>ohanni</strong></span> <span class='ocrx_word' id='word_1_58' title='bbox 1386 587 1595 620; x_wconf 82' lang='lat' dir='ltr'><strong>Halkirstoun</strong></span> <span class='ocrx_word' id='word_1_59' title='bbox 1611 588 1651 620; x_wconf 90' lang='lat' dir='ltr'><strong>ad</strong></span> <span class='ocrx_word' id='word_1_60' title='bbox 1666 588 1784 620; x_wconf 85' lang='lat' dir='ltr'><strong>dictam</strong></span> 
     </span>
     <span class='ocr_line' id='line_1_6' title="bbox 206 639 1785 686; baseline 0.004 -16"><span class='ocrx_word' id='word_1_61' title='bbox 206 639 358 671; x_wconf 80' lang='lat' dir='ltr'><strong>fabricam</strong></span> <span class='ocrx_word' id='word_1_62' title='bbox 384 649 438 680; x_wconf 90' lang='lat' dir='ltr'><strong>per</strong></span> <span class='ocrx_word' id='word_1_63' title='bbox 461 639 679 671; x_wconf 84' lang='lat' dir='ltr'><strong>liberacionem</strong></span> <span class='ocrx_word' id='word_1_64' title='bbox 703 639 824 671; x_wconf 86' lang='lat' dir='ltr'><strong>domini</strong></span> <span class='ocrx_word' id='word_1_65' title='bbox 846 639 1003 671; x_wconf 81' lang='lat' dir='ltr'><strong>Willelmi</strong></span> <span class='ocrx_word' id='word_1_66' title='bbox 1025 640 1136 673; x_wconf 87' lang='lat' dir='ltr'><strong>Rende</strong></span> <span class='ocrx_word' id='word_1_67' title='bbox 1151 641 1236 674; x_wconf 90' lang='lat' dir='ltr'><strong>dicto</strong></span> <span class='ocrx_word' id='word_1_68' title='bbox 1250 642 1399 674; x_wconf 79' lang='lat' dir='ltr'><strong>Johanne</strong></span> <span class='ocrx_word' id='word_1_69' title='bbox 1420 643 1540 676; x_wconf 82' lang='lat' dir='ltr'><strong>fatente</strong></span> <span class='ocrx_word' id='word_1_70' title='bbox 1554 646 1714 685; x_wconf 90' lang='lat' dir='ltr'><strong>receptum</strong></span> <span class='ocrx_word' id='word_1_71' title='bbox 1730 655 1785 686; x_wconf 81' lang='lat' dir='ltr'><strong>per</strong></span> 
     </span>
     <span class='ocr_line' id='line_1_7' title="bbox 206 693 1784 738; baseline 0.003 -13"><span class='ocrx_word' id='word_1_72' title='bbox 206 693 365 726; x_wconf 81' lang='lat' dir='ltr'><strong>scedulam</strong></span> <span class='ocrx_word' id='word_1_73' title='bbox 395 704 452 726; x_wconf 85' lang='lat' dir='ltr'><strong>sua</strong></span> <span class='ocrx_word' id='word_1_74' title='bbox 474 705 571 726; x_wconf 89' lang='lat' dir='ltr'><strong>manu</strong></span> <span class='ocrx_word' id='word_1_75' title='bbox 598 694 750 736; x_wconf 80' lang='lat' dir='ltr'><strong>scriptam</strong></span> <span class='ocrx_word' id='word_1_76' title='bbox 775 698 807 727; x_wconf 81' lang='lat' dir='ltr'><strong>et</strong></span> <span class='ocrx_word' id='word_1_77' title='bbox 832 698 990 727; x_wconf 79' lang='lat' dir='ltr'><strong>ostensam</strong></span> <span class='ocrx_word' id='word_1_78' title='bbox 1017 706 1110 737; x_wconf 89' lang='lat' dir='ltr'><strong>super</strong></span> <span class='ocrx_word' id='word_1_79' title='bbox 1135 699 1318 738; x_wconf 79' lang='lat' dir='ltr'><strong>compotum</strong></span> <span class='ocrx_word' id='word_1_80' title='bbox 1345 698 1368 729; x_wconf 86' lang='lat' dir='ltr'><strong>ie</strong></span> <span class='ocrx_word' id='word_1_81' title='bbox 1383 697 1416 730; x_wconf 89' lang='lat' dir='ltr'><strong>li.</strong></span> <span class='ocrx_word' id='word_1_82' title='bbox 1434 709 1476 730; x_wconf 86' lang='lat' dir='ltr'><strong>xv</strong></span> <span class='ocrx_word' id='word_1_83' title='bbox 1486 709 1509 731; x_wconf 89' lang='lat' dir='ltr'><strong>s.</strong></span> <span class='ocrx_word' id='word_1_84' title='bbox 1527 723 1534 730; x_wconf 94' lang='lat'>.</span> <span class='ocrx_word' id='word_1_85' title='bbox 1552 725 1583 731; x_wconf 89' lang='lat'><strong>..</strong></span> <span class='ocrx_word' id='word_1_86' title='bbox 1630 699 1675 732; x_wconf 80' lang='lat' dir='ltr'><strong>Et</strong></span> <span class='ocrx_word' id='word_1_87' title='bbox 1700 699 1784 731; x_wconf 82' lang='lat' dir='ltr'><strong>dicto</strong></span> 
     </span>
    </p>
   </div>
   <div class='ocr_carea' id='block_1_3' title="bbox 207 749 1784 838">
    <p class='ocr_par' dir='ltr' id='par_1_3' title="bbox 207 749 1784 838">
     <span class='ocr_line' id='line_1_8' title="bbox 208 749 1784 796; baseline 0.004 -16"><span class='ocrx_word' id='word_1_88' title='bbox 208 749 363 781; x_wconf 85' lang='lat' dir='ltr'><strong>Edwardo</strong></span> <span class='ocrx_word' id='word_1_89' title='bbox 387 749 524 781; x_wconf 87' lang='lat' dir='ltr'><strong>Bonnkil</strong></span> <span class='ocrx_word' id='word_1_90' title='bbox 550 750 590 782; x_wconf 90' lang='lat' dir='ltr'><strong>ad</strong></span> <span class='ocrx_word' id='word_1_91' title='bbox 613 750 766 782; x_wconf 82' lang='lat' dir='ltr'><strong>fabricam</strong></span> <span class='ocrx_word' id='word_1_92' title='bbox 787 750 912 792; x_wconf 85' lang='lat' dir='ltr'><strong>collegii</strong></span> <span class='ocrx_word' id='word_1_93' title='bbox 935 751 1149 792; x_wconf 76' lang='lat' dir='ltr'><strong>supradictam</strong></span> <span class='ocrx_word' id='word_1_94' title='bbox 1175 762 1231 793; x_wconf 88' lang='lat' dir='ltr'><strong>per</strong></span> <span class='ocrx_word' id='word_1_95' title='bbox 1253 752 1475 785; x_wconf 89' lang='lat' dir='ltr'><strong>liberacionem</strong></span> <span class='ocrx_word' id='word_1_96' title='bbox 1496 753 1643 786; x_wconf 86' lang='lat' dir='ltr'><strong>Nicholai</strong></span> <span class='ocrx_word' id='word_1_97' title='bbox 1667 754 1784 796; x_wconf 86' lang='lat' dir='ltr'><strong>Spethe</strong></span> 
     </span>
     <span class='ocr_line' id='line_1_9' title="bbox 207 804 454 838; baseline 0.008 -3"><span class='ocrx_word' id='word_1_98' title='bbox 207 805 238 835; x_wconf 84' lang='lat' dir='ltr'><strong>xl</strong></span> <span class='ocrx_word' id='word_1_99' title='bbox 249 804 271 836; x_wconf 88' lang='lat' dir='ltr'><strong>li</strong></span> <span class='ocrx_word' id='word_1_100' title='bbox 275 830 454 838; x_wconf 91' lang='grc'>........</span> 
     </span>
    </p>
   </div>
   <div class='ocr_carea' id='block_1_4' title="bbox 206 914 1785 1127">
    <p class='ocr_par' dir='ltr' id='par_1_4' title="bbox 207 914 1785 1015">
     <span class='ocr_line' id='line_1_10' title="bbox 207 914 1785 961; baseline 0.003 -14"><span class='ocrx_word' id='word_1_101' title='bbox 207 916 264 947; x_wconf 92' lang='lat' dir='ltr'><strong>No.</strong></span> <span class='ocrx_word' id='word_1_102' title='bbox 283 914 354 948; x_wconf 86' lang='lat'>240.</span> <span class='ocrx_word' id='word_1_103' title='bbox 636 917 828 958; x_wconf 82' lang='lat' dir='ltr'><strong>Compotum</strong></span> <span class='ocrx_word' id='word_1_104' title='bbox 866 916 1004 949; x_wconf 83' lang='lat' dir='ltr'><strong>Simonis</strong></span> <span class='ocrx_word' id='word_1_105' title='bbox 1041 918 1171 950; x_wconf 90' lang='lat' dir='ltr'><strong>Salman</strong></span> <span class='ocrx_word' id='word_1_106' title='bbox 1210 919 1378 961; x_wconf 83' lang='lat' dir='ltr'><strong>receptoris</strong></span> <span class='ocrx_word' id='word_1_107' title='bbox 1415 920 1579 951; x_wconf 88' lang='lat' dir='ltr'><strong>firmarum</strong></span> <span class='ocrx_word' id='word_1_108' title='bbox 1618 920 1785 953; x_wconf 78' lang='lat' dir='ltr'><strong>comitatus</strong></span> 
     </span>
     <span class='ocr_line' id='line_1_11' title="bbox 596 972 1514 1015; baseline 0.004 -12"><span class='ocrx_word' id='word_1_109' title='bbox 596 972 736 1004; x_wconf 90' lang='lat' dir='ltr'><strong>Marchie</strong></span> <span class='ocrx_word' id='word_1_110' title='bbox 754 995 761 1003; x_wconf 95' lang='lat'>.</span> <span class='ocrx_word' id='word_1_111' title='bbox 778 998 784 1004; x_wconf 91' lang='lat'>.</span> <span class='ocrx_word' id='word_1_112' title='bbox 804 998 810 1005; x_wconf 88' lang='lat'>.</span> <span class='ocrx_word' id='word_1_113' title='bbox 828 996 836 1003; x_wconf 90' lang='lat'>.</span> <span class='ocrx_word' id='word_1_114' title='bbox 852 972 938 1014; x_wconf 86' lang='lat' dir='ltr'><strong>apud</strong></span> <span class='ocrx_word' id='word_1_115' title='bbox 954 973 1144 1015; x_wconf 85' lang='lat' dir='ltr'><strong>Edinburgh</strong></span> <span class='ocrx_word' id='word_1_116' title='bbox 1162 974 1202 1005; x_wconf 89' lang='lat'><strong>13</strong></span> <span class='ocrx_word' id='word_1_117' title='bbox 1219 976 1295 1015; x_wconf 87' lang='lat' dir='ltr'><strong>Aug</strong></span> <span class='ocrx_word' id='word_1_118' title='bbox 1322 975 1407 1006; x_wconf 85' lang='lat'>1462</span> <span class='ocrx_word' id='word_1_119' title='bbox 1409 998 1514 1007; x_wconf 89' lang='lat'><strong>.....</strong></span> 
     </span>
    </p>

    <p class='ocr_par' dir='ltr' id='par_1_5' title="bbox 249 1027 1785 1073">
     <span class='ocr_line' id='line_1_12' title="bbox 249 1027 1785 1073; baseline 0.003 -14"><span class='ocrx_word' id='word_1_120' title='bbox 249 1027 396 1068; x_wconf 82' lang='lat' dir='ltr'><strong>Expenso</strong></span> <span class='ocrx_word' id='word_1_121' title='bbox 417 1027 557 1059; x_wconf 87' lang='lat' dir='ltr'><strong>eiusdem</strong></span> <span class='ocrx_word' id='word_1_122' title='bbox 573 1051 581 1058; x_wconf 89' lang='lat'>.</span> <span class='ocrx_word' id='word_1_123' title='bbox 599 1052 606 1059; x_wconf 88' lang='lat'>.</span> <span class='ocrx_word' id='word_1_124' title='bbox 623 1052 630 1060; x_wconf 86' lang='lat'>.</span> <span class='ocrx_word' id='word_1_125' title='bbox 649 1052 655 1060; x_wconf 94' lang='lat'>.</span> <span class='ocrx_word' id='word_1_126' title='bbox 674 1027 717 1059; x_wconf 79' lang='lat' dir='ltr'><strong>Et</strong></span> <span class='ocrx_word' id='word_1_127' title='bbox 740 1027 843 1059; x_wconf 88' lang='lat' dir='ltr'><strong>eidem</strong></span> <span class='ocrx_word' id='word_1_128' title='bbox 866 1038 922 1069; x_wconf 90' lang='lat' dir='ltr'><strong>pro</strong></span> <span class='ocrx_word' id='word_1_129' title='bbox 944 1028 1081 1070; x_wconf 87' lang='lat' dir='ltr'><strong>cariagio</strong></span> <span class='ocrx_word' id='word_1_130' title='bbox 1104 1029 1269 1061; x_wconf 82' lang='lat' dir='ltr'><strong>hembardi</strong></span> <span class='ocrx_word' id='word_1_131' title='bbox 1291 1029 1419 1062; x_wconf 88' lang='lat' dir='ltr'><strong>domine</strong></span> <span class='ocrx_word' id='word_1_132' title='bbox 1441 1030 1548 1072; x_wconf 85' lang='lat' dir='ltr'><strong>regine</strong></span> <span class='ocrx_word' id='word_1_133' title='bbox 1563 1034 1598 1062; x_wconf 82' lang='lat' dir='ltr'><strong>vt</strong></span> <span class='ocrx_word' id='word_1_134' title='bbox 1620 1033 1709 1072; x_wconf 76' lang='lat' dir='ltr'><strong>patet</strong></span> <span class='ocrx_word' id='word_1_135' title='bbox 1731 1042 1785 1073; x_wconf 85' lang='lat' dir='ltr'><strong>per</strong></span> 
     </span>
    </p>

    <p class='ocr_par' dir='ltr' id='par_1_6' title="bbox 206 1082 1785 1127">
     <span class='ocr_line' id='line_1_13' title="bbox 206 1082 1785 1127; baseline 0.003 -13"><span class='ocrx_word' id='word_1_136' title='bbox 206 1082 350 1115; x_wconf 83' lang='lat' dir='ltr'><strong>cedulam</strong></span> <span class='ocrx_word' id='word_1_137' title='bbox 366 1082 496 1115; x_wconf 81' lang='lat' dir='ltr'><strong>Roberti</strong></span> <span class='ocrx_word' id='word_1_138' title='bbox 512 1083 636 1114; x_wconf 86' lang='lat' dir='ltr'><strong>Laudre</strong></span> <span class='ocrx_word' id='word_1_139' title='bbox 652 1083 691 1115; x_wconf 89' lang='lat' dir='ltr'><strong>de</strong></span> <span class='ocrx_word' id='word_1_140' title='bbox 706 1083 886 1125; x_wconf 84' lang='lat' dir='ltr'><strong>Edrington</strong></span> <span class='ocrx_word' id='word_1_141' title='bbox 908 1083 1051 1116; x_wconf 79' lang='lat' dir='ltr'><strong>facientis</strong></span> <span class='ocrx_word' id='word_1_142' title='bbox 1066 1085 1163 1117; x_wconf 89' lang='lat' dir='ltr'><strong>fidem</strong></span> <span class='ocrx_word' id='word_1_143' title='bbox 1186 1096 1280 1127; x_wconf 84' lang='lat' dir='ltr'><strong>super</strong></span> <span class='ocrx_word' id='word_1_144' title='bbox 1295 1088 1477 1127; x_wconf 85' lang='lat' dir='ltr'><strong>compotum</strong></span> <span class='ocrx_word' id='word_1_145' title='bbox 1493 1086 1536 1117; x_wconf 91' lang='lat' dir='ltr'><strong>vii</strong></span> <span class='ocrx_word' id='word_1_146' title='bbox 1546 1086 1579 1118; x_wconf 90' lang='lat' dir='ltr'><strong>li.</strong></span> <span class='ocrx_word' id='word_1_147' title='bbox 1624 1086 1669 1119; x_wconf 77' lang='lat' dir='ltr'><strong>Et</strong></span> <span class='ocrx_word' id='word_1_148' title='bbox 1683 1086 1785 1119; x_wconf 90' lang='lat' dir='ltr'><strong>eidem</strong></span> 
     </span>
    </p>
   </div>
   <div class='ocr_carea' id='block_1_5' title="bbox 208 1138 1786 1236">
    <p class='ocr_par' dir='ltr' id='par_1_7' title="bbox 208 1138 1786 1236">
     <span class='ocr_line' id='line_1_14' title="bbox 208 1138 1786 1183; baseline 0.003 -14"><span class='ocrx_word' id='word_1_149' title='bbox 208 1149 262 1179; x_wconf 88' lang='lat' dir='ltr'><strong>pro</strong></span> <span class='ocrx_word' id='word_1_150' title='bbox 277 1138 414 1180; x_wconf 81' lang='lat' dir='ltr'><strong>cariagio</strong></span> <span class='ocrx_word' id='word_1_151' title='bbox 429 1138 571 1170; x_wconf 88' lang='lat' dir='ltr'><strong>eiusdem</strong></span> <span class='ocrx_word' id='word_1_152' title='bbox 593 1138 758 1171; x_wconf 86' lang='lat' dir='ltr'><strong>bombardi</strong></span> <span class='ocrx_word' id='word_1_153' title='bbox 775 1150 795 1171; x_wconf 87' lang='lat' dir='ltr'><strong>a</strong></span> <span class='ocrx_word' id='word_1_154' title='bbox 810 1139 949 1171; x_wconf 85' lang='lat' dir='ltr'><strong>Berwico</strong></span> <span class='ocrx_word' id='word_1_155' title='bbox 972 1139 1012 1171; x_wconf 86' lang='lat' dir='ltr'><strong>ad</strong></span> <span class='ocrx_word' id='word_1_156' title='bbox 1035 1140 1205 1182; x_wconf 83' lang='lat' dir='ltr'><strong>collegium</strong></span> <span class='ocrx_word' id='word_1_157' title='bbox 1220 1141 1348 1172; x_wconf 90' lang='lat' dir='ltr'><strong>domine</strong></span> <span class='ocrx_word' id='word_1_158' title='bbox 1364 1141 1486 1182; x_wconf 85' lang='lat' dir='ltr'><strong>Regine</strong></span> <span class='ocrx_word' id='word_1_159' title='bbox 1500 1146 1595 1183; x_wconf 83' lang='lat' dir='ltr'><strong>prout</strong></span> <span class='ocrx_word' id='word_1_160' title='bbox 1610 1142 1687 1174; x_wconf 88' lang='lat' dir='ltr'><strong>fides</strong></span> <span class='ocrx_word' id='word_1_161' title='bbox 1702 1142 1786 1175; x_wconf 83' lang='lat' dir='ltr'><strong>facta</strong></span> 
     </span>
     <span class='ocr_line' id='line_1_15' title="bbox 208 1193 748 1236; baseline 0.002 -11"><span class='ocrx_word' id='word_1_162' title='bbox 208 1193 269 1226; x_wconf 85' lang='lat' dir='ltr'><strong>fuit</strong></span> <span class='ocrx_word' id='word_1_163' title='bbox 284 1205 338 1236; x_wconf 86' lang='lat' dir='ltr'><strong>per</strong></span> <span class='ocrx_word' id='word_1_164' title='bbox 353 1198 587 1236; x_wconf 81' lang='lat' dir='ltr'><strong>compotantern</strong></span> <span class='ocrx_word' id='word_1_165' title='bbox 604 1194 635 1225; x_wconf 91' lang='lat' dir='ltr'><strong>vi</strong></span> <span class='ocrx_word' id='word_1_166' title='bbox 646 1193 676 1226; x_wconf 89' lang='lat' dir='ltr'><strong>li.</strong></span> <span class='ocrx_word' id='word_1_167' title='bbox 694 1205 714 1225; x_wconf 92' lang='lat' dir='ltr'>v</span> <span class='ocrx_word' id='word_1_168' title='bbox 724 1205 748 1226; x_wconf 88' lang='lat' dir='ltr'><strong>s.</strong></span> 
     </span>
    </p>
   </div>
   <div class='ocr_carea' id='block_1_6' title="bbox 210 1305 1788 1571">
    <p class='ocr_par' dir='ltr' id='par_1_8' title="bbox 210 1305 1786 1403">
     <span class='ocr_line' id='line_1_16' title="bbox 210 1305 1786 1348; baseline 0.003 -12"><span class='ocrx_word' id='word_1_169' title='bbox 210 1305 269 1337; x_wconf 86' lang='lat' dir='ltr'><strong>No.</strong></span> <span class='ocrx_word' id='word_1_170' title='bbox 286 1306 358 1337; x_wconf 74' lang='lat'>245.</span> <span class='ocrx_word' id='word_1_171' title='bbox 648 1305 840 1346; x_wconf 79' lang='lat' dir='ltr'><strong>Compotum</strong></span> <span class='ocrx_word' id='word_1_172' title='bbox 861 1306 1004 1348; x_wconf 82' lang='lat' dir='ltr'><strong>magistri</strong></span> <span class='ocrx_word' id='word_1_173' title='bbox 1020 1306 1148 1338; x_wconf 88' lang='lat' dir='ltr'><strong>Andree</strong></span> <span class='ocrx_word' id='word_1_174' title='bbox 1163 1307 1255 1348; x_wconf 92' lang='lat' dir='ltr'><strong>Lyell</strong></span> <span class='ocrx_word' id='word_1_175' title='bbox 1269 1307 1433 1339; x_wconf 85' lang='lat' dir='ltr'><strong>camerarii</strong></span> <span class='ocrx_word' id='word_1_176' title='bbox 1450 1307 1489 1339; x_wconf 87' lang='lat' dir='ltr'><strong>de</strong></span> <span class='ocrx_word' id='word_1_177' title='bbox 1504 1307 1592 1339; x_wconf 89' lang='lat' dir='ltr'><strong>Marr</strong></span> <span class='ocrx_word' id='word_1_178' title='bbox 1607 1311 1638 1340; x_wconf 87' lang='lat' dir='ltr'><strong>et</strong></span> <span class='ocrx_word' id='word_1_179' title='bbox 1653 1308 1692 1340; x_wconf 87' lang='lat' dir='ltr'><strong>de</strong></span> <span class='ocrx_word' id='word_1_180' title='bbox 1708 1309 1786 1341; x_wconf 84' lang='lat' dir='ltr'><strong>Gar-</strong></span> 
     </span>
     <span class='ocr_line' id='line_1_17' title="bbox 597 1360 1438 1403; baseline 0.002 -11"><span class='ocrx_word' id='word_1_181' title='bbox 597 1360 688 1392; x_wconf 89' lang='lat' dir='ltr'><strong>viach</strong></span> <span class='ocrx_word' id='word_1_182' title='bbox 704 1361 862 1392; x_wconf 86' lang='lat' dir='ltr'><strong>redditum</strong></span> <span class='ocrx_word' id='word_1_183' title='bbox 879 1361 962 1403; x_wconf 89' lang='lat' dir='ltr'><strong>apud</strong></span> <span class='ocrx_word' id='word_1_184' title='bbox 980 1361 1170 1403; x_wconf 86' lang='lat' dir='ltr'><strong>Edinburgh</strong></span> <span class='ocrx_word' id='word_1_185' title='bbox 1185 1362 1228 1395; x_wconf 83' lang='lat'><strong>27</strong></span> <span class='ocrx_word' id='word_1_186' title='bbox 1243 1362 1265 1394; x_wconf 83' lang='lat' dir='ltr'>J</span> <span class='ocrx_word' id='word_1_187' title='bbox 1268 1362 1326 1393; x_wconf 89' lang='lat' dir='ltr'><strong>ulii</strong></span> <span class='ocrx_word' id='word_1_188' title='bbox 1342 1363 1438 1394; x_wconf 86' lang='lat'>1463.</span> 
     </span>
    </p>

    <p class='ocr_par' dir='ltr' id='par_1_9' title="bbox 256 1416 1788 1461">
     <span class='ocr_line' id='line_1_18' title="bbox 256 1416 1788 1461; baseline 0.003 -15"><span class='ocrx_word' id='word_1_189' title='bbox 256 1416 401 1457; x_wconf 84' lang='lat' dir='ltr'><strong>Expense</strong></span> <span class='ocrx_word' id='word_1_190' title='bbox 425 1416 562 1447; x_wconf 87' lang='lat' dir='ltr'><strong>eiusdem</strong></span> <span class='ocrx_word' id='word_1_191' title='bbox 587 1442 594 1448; x_wconf 86' lang='lat'>.</span> <span class='ocrx_word' id='word_1_192' title='bbox 612 1442 618 1448; x_wconf 91' lang='lat'>.</span> <span class='ocrx_word' id='word_1_193' title='bbox 637 1439 645 1447; x_wconf 90' lang='lat'>.</span> <span class='ocrx_word' id='word_1_194' title='bbox 659 1440 666 1448; x_wconf 89' lang='lat'>.</span> <span class='ocrx_word' id='word_1_195' title='bbox 691 1416 735 1448; x_wconf 80' lang='lat' dir='ltr'><strong>Et</strong></span> <span class='ocrx_word' id='word_1_196' title='bbox 760 1427 815 1457; x_wconf 83' lang='lat' dir='ltr'><strong>per</strong></span> <span class='ocrx_word' id='word_1_197' title='bbox 841 1416 1031 1448; x_wconf 87' lang='lat' dir='ltr'><strong>solucionem</strong></span> <span class='ocrx_word' id='word_1_198' title='bbox 1058 1417 1176 1448; x_wconf 76' lang='lat' dir='ltr'><strong>factam</strong></span> <span class='ocrx_word' id='word_1_199' title='bbox 1203 1417 1345 1449; x_wconf 81' lang='lat' dir='ltr'><strong>Johanni</strong></span> <span class='ocrx_word' id='word_1_200' title='bbox 1372 1417 1611 1450; x_wconf 84' lang='lat' dir='ltr'><strong>Haukirstoune</strong></span> <span class='ocrx_word' id='word_1_201' title='bbox 1637 1419 1788 1461; x_wconf 86' lang='lat' dir='ltr'><strong>magistro</strong></span> 
     </span>
    </p>

    <p class='ocr_par' dir='ltr' id='par_1_10' title="bbox 212 1470 1786 1515">
     <span class='ocr_line' id='line_1_19' title="bbox 212 1470 1786 1515; baseline 0.003 -14"><span class='ocrx_word' id='word_1_202' title='bbox 212 1470 328 1502; x_wconf 82' lang='lat' dir='ltr'><strong>fabrice</strong></span> <span class='ocrx_word' id='word_1_203' title='bbox 343 1470 469 1502; x_wconf 89' lang='lat' dir='ltr'><strong>domine</strong></span> <span class='ocrx_word' id='word_1_204' title='bbox 487 1470 592 1512; x_wconf 83' lang='lat' dir='ltr'><strong>regine</strong></span> <span class='ocrx_word' id='word_1_205' title='bbox 615 1470 655 1502; x_wconf 86' lang='lat' dir='ltr'><strong>ad</strong></span> <span class='ocrx_word' id='word_1_206' title='bbox 678 1470 829 1502; x_wconf 87' lang='lat' dir='ltr'><strong>fabricam</strong></span> <span class='ocrx_word' id='word_1_207' title='bbox 852 1470 975 1512; x_wconf 85' lang='lat' dir='ltr'><strong>collegii</strong></span> <span class='ocrx_word' id='word_1_208' title='bbox 997 1471 1104 1503; x_wconf 82' lang='lat' dir='ltr'><strong>Sancti</strong></span> <span class='ocrx_word' id='word_1_209' title='bbox 1127 1472 1299 1504; x_wconf 85' lang='lat' dir='ltr'><strong>Saluatoris</strong></span> <span class='ocrx_word' id='word_1_210' title='bbox 1323 1472 1453 1515; x_wconf 84' lang='lat' dir='ltr'><strong>[Sancte</strong></span> <span class='ocrx_word' id='word_1_211' title='bbox 1477 1473 1643 1506; x_wconf 85' lang='lat' dir='ltr'><strong>Trinitatis</strong></span> <span class='ocrx_word' id='word_1_212' title='bbox 1656 1473 1687 1515; x_wconf 73' lang='lat' dir='ltr'><strong>P]</strong></span> <span class='ocrx_word' id='word_1_213' title='bbox 1705 1498 1712 1505; x_wconf 90' lang='lat'>.</span> <span class='ocrx_word' id='word_1_214' title='bbox 1730 1500 1736 1507; x_wconf 90' lang='lat'>.</span> <span class='ocrx_word' id='word_1_215' title='bbox 1755 1500 1761 1506; x_wconf 88' lang='lat'>.</span> <span class='ocrx_word' id='word_1_216' title='bbox 1780 1500 1786 1506; x_wconf 91' lang='lat'>.</span> 
     </span>
    </p>

    <p class='ocr_par' dir='ltr' id='par_1_11' title="bbox 214 1525 1788 1571">
     <span class='ocr_line' id='line_1_20' title="bbox 214 1525 1788 1571; baseline 0.003 -14"><span class='ocrx_word' id='word_1_217' title='bbox 214 1526 265 1557; x_wconf 85' lang='lat' dir='ltr'><strong>xvi</strong></span> <span class='ocrx_word' id='word_1_218' title='bbox 276 1525 298 1557; x_wconf 93' lang='lat' dir='ltr'><strong>li</strong></span> <span class='ocrx_word' id='word_1_219' title='bbox 301 1548 407 1558; x_wconf 88' lang='grc'><strong>.....</strong></span> <span class='ocrx_word' id='word_1_220' title='bbox 446 1526 489 1557; x_wconf 78' lang='lat' dir='ltr'><strong>Et</strong></span> <span class='ocrx_word' id='word_1_221' title='bbox 504 1525 605 1557; x_wconf 86' lang='lat' dir='ltr'><strong>cidem</strong></span> <span class='ocrx_word' id='word_1_222' title='bbox 621 1536 676 1567; x_wconf 92' lang='lat' dir='ltr'><strong>per</strong></span> <span class='ocrx_word' id='word_1_223' title='bbox 688 1525 878 1557; x_wconf 87' lang='lat' dir='ltr'><strong>solucionem</strong></span> <span class='ocrx_word' id='word_1_224' title='bbox 890 1526 1007 1558; x_wconf 88' lang='lat' dir='ltr'><strong>factam</strong></span> <span class='ocrx_word' id='word_1_225' title='bbox 1023 1526 1077 1558; x_wconf 90' lang='lat' dir='ltr'><strong>vni</strong></span> <span class='ocrx_word' id='word_1_226' title='bbox 1092 1531 1275 1569; x_wconf 84' lang='lat' dir='ltr'><strong>nuncupato</strong></span> <span class='ocrx_word' id='word_1_227' title='bbox 1291 1528 1444 1560; x_wconf 82' lang='lat' dir='ltr'><strong>Mauricio</strong></span> <span class='ocrx_word' id='word_1_228' title='bbox 1460 1529 1608 1561; x_wconf 84' lang='lat' dir='ltr'><strong>Wormet</strong></span> <span class='ocrx_word' id='word_1_229' title='bbox 1622 1540 1678 1571; x_wconf 90' lang='lat' dir='ltr'><strong>pro</strong></span> <span class='ocrx_word' id='word_1_230' title='bbox 1694 1530 1788 1561; x_wconf 90' lang='lat' dir='ltr'><strong>naulo</strong></span> 
     </span>
    </p>
   </div>
   <div class='ocr_carea' id='block_1_7' title="bbox 214 1580 1788 1668">
    <p class='ocr_par' dir='ltr' id='par_1_12' title="bbox 214 1580 1788 1668">
     <span class='ocr_line' id='line_1_21' title="bbox 214 1580 1788 1626; baseline 0.003 -14"><span class='ocrx_word' id='word_1_231' title='bbox 214 1581 385 1622; x_wconf 83' lang='lat' dir='ltr'><strong>nonaginta</strong></span> <span class='ocrx_word' id='word_1_232' title='bbox 400 1591 515 1613; x_wconf 90' lang='lat' dir='ltr'><strong>nouem</strong></span> <span class='ocrx_word' id='word_1_233' title='bbox 530 1581 689 1622; x_wconf 85' lang='lat' dir='ltr'><strong>lignorum</strong></span> <span class='ocrx_word' id='word_1_234' title='bbox 705 1580 872 1613; x_wconf 88' lang='lat' dir='ltr'><strong>missorum</strong></span> <span class='ocrx_word' id='word_1_235' title='bbox 887 1582 927 1614; x_wconf 87' lang='lat' dir='ltr'><strong>ab</strong></span> <span class='ocrx_word' id='word_1_236' title='bbox 944 1582 1098 1624; x_wconf 88' lang='lat' dir='ltr'><strong>Episcopo</strong></span> <span class='ocrx_word' id='word_1_237' title='bbox 1115 1582 1262 1615; x_wconf 85' lang='lat' dir='ltr'><strong>Rossensi</strong></span> <span class='ocrx_word' id='word_1_238' title='bbox 1278 1584 1319 1615; x_wconf 86' lang='lat' dir='ltr'><strong>ad</strong></span> <span class='ocrx_word' id='word_1_239' title='bbox 1341 1583 1500 1616; x_wconf 89' lang='lat' dir='ltr'><strong>edificium</strong></span> <span class='ocrx_word' id='word_1_240' title='bbox 1517 1584 1643 1617; x_wconf 88' lang='lat' dir='ltr'><strong>domine</strong></span> <span class='ocrx_word' id='word_1_241' title='bbox 1666 1584 1788 1626; x_wconf 85' lang='lat' dir='ltr'><strong>Regine</strong></span> 
     </span>
     <span class='ocr_line' id='line_1_22' title="bbox 216 1636 474 1668; baseline 0 -1"><span class='ocrx_word' id='word_1_242' title='bbox 216 1637 249 1667; x_wconf 85' lang='lat' dir='ltr'><strong>iii</strong></span> <span class='ocrx_word' id='word_1_243' title='bbox 261 1636 293 1668; x_wconf 92' lang='lat' dir='ltr'><strong>li.</strong></span> <span class='ocrx_word' id='word_1_244' title='bbox 310 1636 397 1668; x_wconf 78' lang='lat' dir='ltr'><strong>xvis.</strong></span> <span class='ocrx_word' id='word_1_245' title='bbox 414 1636 474 1667; x_wconf 79' lang='lat' dir='ltr'><strong>xd.</strong></span> 
     </span>
    </p>
   </div>
   <div class='ocr_carea' id='block_1_8' title="bbox 215 1747 1789 1956">
    <p class='ocr_par' dir='ltr' id='par_1_13' title="bbox 215 1747 1789 1835">
     <span class='ocr_line' id='line_1_23' title="bbox 215 1747 1789 1792; baseline 0.004 -15"><span class='ocrx_word' id='word_1_246' title='bbox 215 1747 272 1777; x_wconf 84' lang='lat' dir='ltr'><strong>No.</strong></span> <span class='ocrx_word' id='word_1_247' title='bbox 291 1747 362 1778; x_wconf 80' lang='lat'><strong>245.</strong></span> <span class='ocrx_word' id='word_1_248' title='bbox 635 1747 827 1788; x_wconf 81' lang='lat' dir='ltr'><strong>Compotum</strong></span> <span class='ocrx_word' id='word_1_249' title='bbox 837 1747 958 1779; x_wconf 87' lang='lat' dir='ltr'><strong>domini</strong></span> <span class='ocrx_word' id='word_1_250' title='bbox 968 1747 1126 1780; x_wconf 85' lang='lat' dir='ltr'><strong>Willelmi</strong></span> <span class='ocrx_word' id='word_1_251' title='bbox 1136 1747 1250 1789; x_wconf 86' lang='lat' dir='ltr'><strong>Rynde</strong></span> <span class='ocrx_word' id='word_1_252' title='bbox 1265 1774 1271 1781; x_wconf 91' lang='lat'>.</span> <span class='ocrx_word' id='word_1_253' title='bbox 1290 1775 1295 1781; x_wconf 93' lang='lat'>.</span> <span class='ocrx_word' id='word_1_254' title='bbox 1315 1775 1321 1780; x_wconf 95' lang='lat'>.</span> <span class='ocrx_word' id='word_1_255' title='bbox 1340 1775 1346 1781; x_wconf 96' lang='lat'>.</span> <span class='ocrx_word' id='word_1_256' title='bbox 1361 1750 1446 1791; x_wconf 86' lang='lat' dir='ltr'><strong>apud</strong></span> <span class='ocrx_word' id='word_1_257' title='bbox 1457 1750 1647 1792; x_wconf 86' lang='lat' dir='ltr'><strong>Edinburgh</strong></span> <span class='ocrx_word' id='word_1_258' title='bbox 1656 1751 1698 1783; x_wconf 80' lang='lat'><strong>28</strong></span> <span class='ocrx_word' id='word_1_259' title='bbox 1708 1751 1730 1783; x_wconf 81' lang='lat' dir='ltr'><strong>J</strong></span> <span class='ocrx_word' id='word_1_260' title='bbox 1731 1751 1789 1783; x_wconf 88' lang='lat' dir='ltr'><strong>ulii</strong></span> 
     </span>
     <span class='ocr_line' id='line_1_24' title="bbox 690 1803 855 1835; baseline 0.006 -2"><span class='ocrx_word' id='word_1_261' title='bbox 690 1803 782 1834; x_wconf 85' lang='lat'>1463.</span> <span class='ocrx_word' id='word_1_262' title='bbox 800 1827 806 1835; x_wconf 93' lang='lat'>.</span> <span class='ocrx_word' id='word_1_263' title='bbox 825 1828 830 1835; x_wconf 97' lang='lat'>.</span> <span class='ocrx_word' id='word_1_264' title='bbox 850 1828 855 1834; x_wconf 93' lang='lat'>.</span> 
     </span>
    </p>

    <p class='ocr_par' dir='ltr' id='par_1_14' title="bbox 259 1857 1789 1899">
     <span class='ocr_line' id='line_1_25' title="bbox 259 1857 1789 1899; baseline 0.004 -11"><span class='ocrx_word' id='word_1_265' title='bbox 259 1857 405 1899; x_wconf 82' lang='lat' dir='ltr'><strong>Expense</strong></span> <span class='ocrx_word' id='word_1_266' title='bbox 421 1857 559 1889; x_wconf 83' lang='lat' dir='ltr'><strong>eiusdem</strong></span> <span class='ocrx_word' id='word_1_267' title='bbox 577 1883 583 1890; x_wconf 91' lang='lat'>.</span> <span class='ocrx_word' id='word_1_268' title='bbox 602 1883 608 1890; x_wconf 85' lang='lat'>.</span> <span class='ocrx_word' id='word_1_269' title='bbox 627 1881 635 1889; x_wconf 88' lang='lat'>.</span> <span class='ocrx_word' id='word_1_270' title='bbox 654 1881 662 1888; x_wconf 89' lang='lat'>.</span> <span class='ocrx_word' id='word_1_271' title='bbox 675 1857 719 1889; x_wconf 77' lang='lat' dir='ltr'><strong>Et</strong></span> <span class='ocrx_word' id='word_1_272' title='bbox 734 1857 836 1889; x_wconf 88' lang='lat' dir='ltr'><strong>eidem</strong></span> <span class='ocrx_word' id='word_1_273' title='bbox 852 1868 907 1899; x_wconf 89' lang='lat' dir='ltr'><strong>per</strong></span> <span class='ocrx_word' id='word_1_274' title='bbox 918 1857 1110 1890; x_wconf 87' lang='lat' dir='ltr'><strong>solucionem</strong></span> <span class='ocrx_word' id='word_1_275' title='bbox 1124 1858 1242 1890; x_wconf 77' lang='lat' dir='ltr'><strong>factam</strong></span> <span class='ocrx_word' id='word_1_276' title='bbox 1254 1859 1395 1891; x_wconf 79' lang='lat' dir='ltr'><strong>Johanni</strong></span> <span class='ocrx_word' id='word_1_277' title='bbox 1409 1860 1629 1892; x_wconf 83' lang='lat' dir='ltr'><strong>Haukirstoun</strong></span> <span class='ocrx_word' id='word_1_278' title='bbox 1641 1862 1681 1894; x_wconf 88' lang='lat' dir='ltr'><strong>ad</strong></span> <span class='ocrx_word' id='word_1_279' title='bbox 1693 1862 1789 1894; x_wconf 81' lang='lat' dir='ltr'><strong>fabri·</strong></span> 
     </span>
    </p>

    <p class='ocr_par' dir='ltr' id='par_1_15' title="bbox 215 1912 1787 1956">
     <span class='ocr_line' id='line_1_26' title="bbox 215 1912 1787 1956; baseline 0.003 -12"><span class='ocrx_word' id='word_1_280' title='bbox 215 1923 285 1945; x_wconf 86' lang='lat' dir='ltr'><strong>cam</strong></span> <span class='ocrx_word' id='word_1_281' title='bbox 300 1912 422 1954; x_wconf 85' lang='lat' dir='ltr'><strong>collegii</strong></span> <span class='ocrx_word' id='word_1_282' title='bbox 439 1912 546 1945; x_wconf 84' lang='lat' dir='ltr'><strong>Sancti</strong></span> <span class='ocrx_word' id='word_1_283' title='bbox 560 1913 733 1946; x_wconf 86' lang='lat' dir='ltr'><strong>Saluatoris</strong></span> <span class='ocrx_word' id='word_1_284' title='bbox 748 1923 804 1955; x_wconf 90' lang='lat' dir='ltr'><strong>per</strong></span> <span class='ocrx_word' id='word_1_285' title='bbox 821 1923 933 1945; x_wconf 88' lang='lat' dir='ltr'><strong>manus</strong></span> <span class='ocrx_word' id='word_1_286' title='bbox 944 1913 1065 1945; x_wconf 88' lang='lat' dir='ltr'><strong>domini</strong></span> <span class='ocrx_word' id='word_1_287' title='bbox 1079 1913 1210 1945; x_wconf 87' lang='lat' dir='ltr'><strong>Henrici</strong></span> <span class='ocrx_word' id='word_1_288' title='bbox 1226 1913 1265 1945; x_wconf 89' lang='lat' dir='ltr'><strong>de</strong></span> <span class='ocrx_word' id='word_1_289' title='bbox 1276 1914 1422 1956; x_wconf 85' lang='lat' dir='ltr'><strong>Kingom</strong></span> <span class='ocrx_word' id='word_1_290' title='bbox 1439 1940 1444 1946; x_wconf 91' lang='lat'>.</span> <span class='ocrx_word' id='word_1_291' title='bbox 1466 1938 1472 1945; x_wconf 90' lang='lat'><strong><em>.</em></strong></span> <span class='ocrx_word' id='word_1_292' title='bbox 1490 1941 1495 1946; x_wconf 92' lang='lat'>.</span> <span class='ocrx_word' id='word_1_293' title='bbox 1515 1941 1521 1947; x_wconf 94' lang='lat'>.</span> <span class='ocrx_word' id='word_1_294' title='bbox 1539 1915 1574 1947; x_wconf 84' lang='lat' dir='ltr'><strong>lii</strong></span> <span class='ocrx_word' id='word_1_295' title='bbox 1584 1915 1615 1947; x_wconf 91' lang='lat' dir='ltr'><strong>li.</strong></span> <span class='ocrx_word' id='word_1_296' title='bbox 1630 1917 1682 1948; x_wconf 86' lang='lat' dir='ltr'><strong>xvi</strong></span> <span class='ocrx_word' id='word_1_297' title='bbox 1693 1927 1715 1949; x_wconf 86' lang='lat' dir='ltr'><strong>s.</strong></span> <span class='ocrx_word' id='word_1_298' title='bbox 1730 1918 1787 1949; x_wconf 82' lang='lat' dir='ltr'><strong>xd.</strong></span> 
     </span>
    </p>
   </div>
   <div class='ocr_carea' id='block_1_9' title="bbox 216 1967 1785 2009">
    <p class='ocr_par' dir='ltr' id='par_1_16' title="bbox 216 1967 1785 2009">
     <span class='ocr_line' id='line_1_27' title="bbox 216 1967 1785 2009; baseline 0.003 -10"><span class='ocrx_word' id='word_1_299' title='bbox 216 1967 259 1999; x_wconf 82' lang='lat' dir='ltr'><strong>Et</strong></span> <span class='ocrx_word' id='word_1_300' title='bbox 274 1967 375 1999; x_wconf 86' lang='lat' dir='ltr'><strong>eidem</strong></span> <span class='ocrx_word' id='word_1_301' title='bbox 398 1978 453 2009; x_wconf 90' lang='lat' dir='ltr'><strong>per</strong></span> <span class='ocrx_word' id='word_1_302' title='bbox 474 1968 665 2000; x_wconf 86' lang='lat' dir='ltr'><strong>solucionem</strong></span> <span class='ocrx_word' id='word_1_303' title='bbox 688 1968 803 2000; x_wconf 86' lang='lat' dir='ltr'><strong>factam</strong></span> <span class='ocrx_word' id='word_1_304' title='bbox 827 1968 911 2000; x_wconf 82' lang='lat' dir='ltr'><strong>dicto</strong></span> <span class='ocrx_word' id='word_1_305' title='bbox 926 1968 1069 2000; x_wconf 78' lang='lat' dir='ltr'><strong>Johanni</strong></span> <span class='ocrx_word' id='word_1_306' title='bbox 1085 1969 1306 2001; x_wconf 83' lang='lat' dir='ltr'><strong>Haukirstoun</strong></span> <span class='ocrx_word' id='word_1_307' title='bbox 1328 1970 1369 2002; x_wconf 83' lang='lat' dir='ltr'><strong>ad</strong></span> <span class='ocrx_word' id='word_1_308' title='bbox 1392 1970 1509 2002; x_wconf 82' lang='lat' dir='ltr'><strong>dictam</strong></span> <span class='ocrx_word' id='word_1_309' title='bbox 1532 1971 1683 2004; x_wconf 84' lang='lat' dir='ltr'><strong>fabricam</strong></span> <span class='ocrx_word' id='word_1_310' title='bbox 1701 1996 1707 2003; x_wconf 93' lang='lat'>.</span> <span class='ocrx_word' id='word_1_311' title='bbox 1728 1996 1735 2004; x_wconf 90' lang='lat'>.</span> <span class='ocrx_word' id='word_1_312' title='bbox 1754 1996 1761 2003; x_wconf 91' lang='lat'>.</span> <span class='ocrx_word' id='word_1_313' title='bbox 1780 1999 1785 2004; x_wconf 91' lang='lat'>.</span> 
     </span>
    </p>
   </div>
   <div class='ocr_carea' id='block_1_10' title="bbox 216 2023 1788 2111">
    <p class='ocr_par' dir='ltr' id='par_1_17' title="bbox 216 2023 1788 2111">
     <span class='ocr_line' id='line_1_28' title="bbox 216 2023 1788 2065; baseline 0.004 -11"><span class='ocrx_word' id='word_1_314' title='bbox 216 2023 382 2055; x_wconf 75' lang='lat' dir='ltr'><strong>lxxxviili.</strong></span> <span class='ocrx_word' id='word_1_315' title='bbox 398 2023 475 2054; x_wconf 90' lang='lat' dir='ltr'><strong>viis.</strong></span> <span class='ocrx_word' id='word_1_316' title='bbox 492 2023 566 2054; x_wconf 89' lang='lat' dir='ltr'><strong>vid.</strong></span> <span class='ocrx_word' id='word_1_317' title='bbox 612 2023 655 2055; x_wconf 78' lang='lat' dir='ltr'><strong>Et</strong></span> <span class='ocrx_word' id='word_1_318' title='bbox 677 2023 779 2055; x_wconf 86' lang='lat' dir='ltr'><strong>eidem</strong></span> <span class='ocrx_word' id='word_1_319' title='bbox 802 2034 857 2065; x_wconf 92' lang='lat' dir='ltr'><strong>per</strong></span> <span class='ocrx_word' id='word_1_320' title='bbox 879 2023 1070 2056; x_wconf 87' lang='lat' dir='ltr'><strong>solucionem</strong></span> <span class='ocrx_word' id='word_1_321' title='bbox 1092 2024 1210 2056; x_wconf 88' lang='lat' dir='ltr'><strong>factam</strong></span> <span class='ocrx_word' id='word_1_322' title='bbox 1233 2025 1389 2057; x_wconf 89' lang='lat' dir='ltr'><strong>Edwardo</strong></span> <span class='ocrx_word' id='word_1_323' title='bbox 1411 2025 1450 2057; x_wconf 91' lang='lat' dir='ltr'><strong>de</strong></span> <span class='ocrx_word' id='word_1_324' title='bbox 1473 2025 1589 2058; x_wconf 87' lang='lat' dir='ltr'><strong>Boncle</strong></span> <span class='ocrx_word' id='word_1_325' title='bbox 1611 2027 1652 2059; x_wconf 89' lang='lat' dir='ltr'><strong>ad</strong></span> <span class='ocrx_word' id='word_1_326' title='bbox 1670 2027 1788 2060; x_wconf 79' lang='lat' dir='ltr'><strong>dictam</strong></span> 
     </span>
     <span class='ocr_line' id='line_1_29' title="bbox 216 2078 563 2111; baseline 0 -1"><span class='ocrx_word' id='word_1_327' title='bbox 216 2078 366 2111; x_wconf 84' lang='lat' dir='ltr'><strong>fabricam</strong></span> <span class='ocrx_word' id='word_1_328' title='bbox 384 2102 391 2110; x_wconf 94' lang='lat'>.</span> <span class='ocrx_word' id='word_1_329' title='bbox 411 2102 418 2109; x_wconf 93' lang='lat'>.</span> <span class='ocrx_word' id='word_1_330' title='bbox 437 2102 444 2108; x_wconf 89' lang='lat'>.</span> <span class='ocrx_word' id='word_1_331' title='bbox 463 2101 470 2108; x_wconf 89' lang='lat'>.</span> <span class='ocrx_word' id='word_1_332' title='bbox 485 2078 519 2110; x_wconf 84' lang='lat' dir='ltr'><strong>lx</strong></span> <span class='ocrx_word' id='word_1_333' title='bbox 528 2078 563 2110; x_wconf 88' lang='lat' dir='ltr'><strong>li.</strong></span> 
     </span>
    </p>
   </div>
   <div class='ocr_carea' id='block_1_11' title="bbox 218 2188 1787 2451">
    <p class='ocr_par' dir='ltr' id='par_1_18' title="bbox 218 2188 1787 2451">
     <span class='ocr_line' id='line_1_30' title="bbox 218 2188 1785 2230; baseline 0.004 -10"><span class='ocrx_word' id='word_1_334' title='bbox 218 2188 278 2220; x_wconf 88' lang='lat' dir='ltr'><strong>No.</strong></span> <span class='ocrx_word' id='word_1_335' title='bbox 295 2189 367 2221; x_wconf 84' lang='lat'>245.</span> <span class='ocrx_word' id='word_1_336' title='bbox 651 2188 843 2230; x_wconf 83' lang='lat' dir='ltr'><strong>Gompotum</strong></span> <span class='ocrx_word' id='word_1_337' title='bbox 865 2188 1022 2220; x_wconf 80' lang='lat' dir='ltr'><strong>Johannis</strong></span> <span class='ocrx_word' id='word_1_338' title='bbox 1044 2189 1083 2220; x_wconf 83' lang='lat' dir='ltr'><strong>de</strong></span> <span class='ocrx_word' id='word_1_339' title='bbox 1106 2189 1250 2221; x_wconf 85' lang='lat' dir='ltr'><strong>Morauia</strong></span> <span class='ocrx_word' id='word_1_340' title='bbox 1272 2191 1434 2223; x_wconf 89' lang='lat' dir='ltr'><strong>camerarii</strong></span> <span class='ocrx_word' id='word_1_341' title='bbox 1453 2191 1491 2223; x_wconf 91' lang='lat' dir='ltr'><strong>de</strong></span> <span class='ocrx_word' id='word_1_342' title='bbox 1507 2191 1689 2225; x_wconf 80' lang='lat' dir='ltr'><strong>Stratherne</strong></span> <span class='ocrx_word' id='word_1_343' title='bbox 1705 2219 1711 2226; x_wconf 94' lang='lat'>.</span> <span class='ocrx_word' id='word_1_344' title='bbox 1730 2219 1735 2225; x_wconf 83' lang='lat'>.</span> <span class='ocrx_word' id='word_1_345' title='bbox 1755 2220 1760 2225; x_wconf 95' lang='lat'>.</span> <span class='ocrx_word' id='word_1_346' title='bbox 1780 2220 1785 2226; x_wconf 89' lang='lat'>.</span> 
     </span>
     <span class='ocr_line' id='line_1_31' title="bbox 604 2243 1061 2285; baseline -0.002 -10"><span class='ocrx_word' id='word_1_347' title='bbox 604 2243 796 2285; x_wconf 89' lang='lat' dir='ltr'><strong>Edinburgh</strong></span> <span class='ocrx_word' id='word_1_348' title='bbox 811 2244 852 2275; x_wconf 89' lang='grc'><strong>29</strong></span> <span class='ocrx_word' id='word_1_349' title='bbox 868 2243 950 2276; x_wconf 81' lang='lat' dir='ltr'><strong>Julii</strong></span> <span class='ocrx_word' id='word_1_350' title='bbox 967 2245 1061 2276; x_wconf 82' lang='lat'>1463.</span> 
     </span>
     <span class='ocr_line' id='line_1_32' title="bbox 262 2298 1787 2344; baseline 0.005 -14"><span class='ocrx_word' id='word_1_351' title='bbox 262 2299 407 2341; x_wconf 86' lang='lat' dir='ltr'><strong>Expense</strong></span> <span class='ocrx_word' id='word_1_352' title='bbox 423 2324 429 2330; x_wconf 90' lang='lat'>.</span> <span class='ocrx_word' id='word_1_353' title='bbox 448 2325 453 2331; x_wconf 95' lang='lat'>.</span> <span class='ocrx_word' id='word_1_354' title='bbox 473 2324 478 2330; x_wconf 94' lang='lat'>.</span> <span class='ocrx_word' id='word_1_355' title='bbox 499 2322 505 2329; x_wconf 93' lang='lat'>.</span> <span class='ocrx_word' id='word_1_356' title='bbox 522 2299 566 2330; x_wconf 80' lang='lat' dir='ltr'><strong>Et</strong></span> <span class='ocrx_word' id='word_1_357' title='bbox 581 2309 636 2341; x_wconf 90' lang='lat' dir='ltr'><strong>per</strong></span> <span class='ocrx_word' id='word_1_358' title='bbox 651 2299 871 2331; x_wconf 87' lang='lat' dir='ltr'><strong>liberacionem</strong></span> <span class='ocrx_word' id='word_1_359' title='bbox 887 2298 1004 2331; x_wconf 76' lang='lat' dir='ltr'><strong>factam</strong></span> <span class='ocrx_word' id='word_1_360' title='bbox 1013 2299 1155 2331; x_wconf 80' lang='lat' dir='ltr'><strong>Johanni</strong></span> <span class='ocrx_word' id='word_1_361' title='bbox 1165 2299 1403 2332; x_wconf 83' lang='lat' dir='ltr'><strong>Haukirstoune</strong></span> <span class='ocrx_word' id='word_1_362' title='bbox 1418 2304 1495 2333; x_wconf 90' lang='lat' dir='ltr'><strong>tunc</strong></span> <span class='ocrx_word' id='word_1_363' title='bbox 1507 2302 1659 2344; x_wconf 80' lang='lat' dir='ltr'><strong>magistro</strong></span> <span class='ocrx_word' id='word_1_364' title='bbox 1670 2304 1787 2337; x_wconf 87' lang='lat' dir='ltr'><strong>fabrice</strong></span> 
     </span>
     <span class='ocr_line' id='line_1_33' title="bbox 221 2353 1787 2396; baseline 0.003 -10"><span class='ocrx_word' id='word_1_365' title='bbox 221 2353 329 2386; x_wconf 82' lang='lat' dir='ltr'><strong>Sancti</strong></span> <span class='ocrx_word' id='word_1_366' title='bbox 345 2353 519 2386; x_wconf 84' lang='lat' dir='ltr'><strong>Saluatoris</strong></span> <span class='ocrx_word' id='word_1_367' title='bbox 534 2355 574 2386; x_wconf 87' lang='lat' dir='ltr'><strong>ad</strong></span> <span class='ocrx_word' id='word_1_368' title='bbox 590 2354 708 2386; x_wconf 88' lang='lat' dir='ltr'><strong>dictam</strong></span> <span class='ocrx_word' id='word_1_369' title='bbox 731 2353 882 2386; x_wconf 87' lang='lat' dir='ltr'><strong>fabricam</strong></span> <span class='ocrx_word' id='word_1_370' title='bbox 905 2354 1034 2387; x_wconf 88' lang='lat' dir='ltr'><strong>liberate</strong></span> <span class='ocrx_word' id='word_1_371' title='bbox 1049 2354 1161 2396; x_wconf 82' lang='lat' dir='ltr'><strong>quinto</strong></span> <span class='ocrx_word' id='word_1_372' title='bbox 1183 2355 1234 2387; x_wconf 88' lang='lat' dir='ltr'><strong>die</strong></span> <span class='ocrx_word' id='word_1_373' title='bbox 1256 2355 1373 2387; x_wconf 87' lang='lat' dir='ltr'><strong>mensis</strong></span> <span class='ocrx_word' id='word_1_374' title='bbox 1388 2355 1499 2388; x_wconf 87' lang='lat' dir='ltr'><strong>Marcii</strong></span> <span class='ocrx_word' id='word_1_375' title='bbox 1522 2356 1596 2389; x_wconf 87' lang='lat' dir='ltr'><strong>anni</strong></span> <span class='ocrx_word' id='word_1_376' title='bbox 1619 2360 1674 2390; x_wconf 81' lang='lat' dir='ltr'><strong>etc.</strong></span> <span class='ocrx_word' id='word_1_377' title='bbox 1699 2369 1787 2391; x_wconf 80' lang='lat' dir='ltr'><strong>sexa-</strong></span> 
     </span>
     <span class='ocr_line' id='line_1_34' title="bbox 221 2408 1153 2451; baseline 0 -11"><span class='ocrx_word' id='word_1_378' title='bbox 221 2408 330 2449; x_wconf 86' lang='lat' dir='ltr'><strong>gesimi</strong></span> <span class='ocrx_word' id='word_1_379' title='bbox 345 2408 473 2441; x_wconf 86' lang='lat' dir='ltr'><strong>secundi</strong></span> <span class='ocrx_word' id='word_1_380' title='bbox 488 2408 527 2441; x_wconf 90' lang='lat' dir='ltr'><strong>de</strong></span> <span class='ocrx_word' id='word_1_381' title='bbox 542 2409 692 2441; x_wconf 84' lang='lat' dir='ltr'><strong>mandato</strong></span> <span class='ocrx_word' id='word_1_382' title='bbox 707 2408 834 2441; x_wconf 84' lang='lat' dir='ltr'><strong>domine</strong></span> <span class='ocrx_word' id='word_1_383' title='bbox 849 2409 970 2451; x_wconf 86' lang='lat' dir='ltr'><strong>Regine</strong></span> <span class='ocrx_word' id='word_1_384' title='bbox 985 2435 991 2441; x_wconf 93' lang='lat'>.</span> <span class='ocrx_word' id='word_1_385' title='bbox 1011 2433 1018 2441; x_wconf 93' lang='lat'>.</span> <span class='ocrx_word' id='word_1_386' title='bbox 1036 2432 1044 2441; x_wconf 86' lang='lat'>.</span> <span class='ocrx_word' id='word_1_387' title='bbox 1065 2433 1072 2441; x_wconf 91' lang='lat'>.</span> <span class='ocrx_word' id='word_1_388' title='bbox 1089 2409 1153 2441; x_wconf 82' lang='lat' dir='ltr'><strong>xli.</strong></span> 
     </span>
    </p>
   </div>
   <div class='ocr_carea' id='block_1_12' title="bbox 1009 2534 1027 2556">
    <p class='ocr_par' dir='ltr' id='par_1_19' title="bbox 1009 2534 1027 2556">
     <span class='ocr_line' id='line_1_35' title="bbox 1009 2534 1027 2556; baseline 0 0"><span class='ocrx_word' id='word_1_389' title='bbox 1009 2534 1027 2556; x_wconf 83' lang='lat' dir='ltr'><strong>C</strong></span> 
     </span>
    </p>
   </div>
  </div>
 </body>
</html>
