2147 2964
350 319 422 351 322
720 312 899 351 CARTE
926 310 1182 349 ECCLESIE
1212 310 1549 348 COLLEGIATE

351 415 481 450 fiarum
516 413 718 448 rectoribus
756 418 819 448 aut
852 412 934 447 illas
967 411 1056 446 alias
1090 410 1365 457 quomodolibet
1400 410 1668 446 dimittentibus
1703 411 1814 446 liceat
1848 423 1928 458 pre-

350 482 465 530 posito
485 481 671 517 canonicis
691 481 736 516 de
755 493 852 515 nouo
881 479 1014 515 creatis
1042 485 1078 514 et
1106 479 1249 514 clericis
1274 485 1310 514 et
1336 478 1545 526 presbiteris
1564 479 1738 514 institutis
1756 479 1929 526 predictis

350 550 561 597 porcionem
588 550 648 585 seu
672 554 813 596 partem
842 549 1025 584 frustuum
1054 556 1090 584 et
1116 547 1325 583 reddituum
1354 547 1601 594 predi&orum
1629 560 1691 583 eos
1718 553 1754 583 et
1771 546 1930 594 singulos

351 631 476 654 eorum
503 618 604 654 iuxta
630 618 922 666 applicacionem
955 615 1299 664 appropriacionem
1331 621 1368 651 et
1397 615 1674 651 ordinacionem
1702 621 1790 651 tunc
1817 615 1931 650 fafitas

350 687 553 723 huiusmodi
590 686 824 733 tangencium
860 684 1108 733 pofl'effionem
1144 684 1361 719 auctoritate
1396 684 1549 731 propria
1584 684 1860 732 apprehendere
1897 690 1933 719 et

352 760 530 804 perpetuo
556 754 717 790 retinere
746 753 930 789 diocesani
956 752 1028 788 loci
1056 758 1092 788 et
1119 752 1278 787 cuiusuis
1305 752 1456 788 alterius
1482 752 1640 788 licencia
1658 752 1765 800 super
1783 753 1853 788 hoc
1871 752 1933 787 mi-

351 824 449 859 nime
468 823 641 870 requisita
659 843 666 850 ·
685 834 830 857 necnon
849 821 994 869 prefato
1014 820 1137 855 comiti
1156 820 1302 867 eiusque
1328 820 1526 856 heredibus
1545 827 1581 856 et
1600 820 1859 856 successoribus
1878 821 1934 855 ius

352 897 568 940 patronatus
586 891 647 926 seu
665 889 900 937 presentandi
920 889 1092 936 personas
1120 889 1282 934 ydoneas
1311 895 1384 924 tam
1410 889 1456 924 ad
1483 889 1677 936 porciones
1697 889 1757 924 seu
1778 889 1933 924 vicarias

354 961 392 996 in
413 960 560 1007 singulis
579 958 850 1007 parochialibus
869 956 1030 992 ecclesiis
1051 956 1223 1004 preditfftis
1243 957 1482 992 reseruandas
1502 970 1609 1004 quam
1631 958 1676 993 ad
1697 957 1934 993 canonicatus

357 1036 392 1065 et
410 1029 615 1077 prebendas
635 1028 680 1062 de
707 1039 805 1061 nouo
835 1025 1030 1072 erigendos
1056 1037 1098 1060 ac
1125 1031 1303 1073 perpetua
1330 1026 1508 1061 beneficia
1535 1026 1778 1061 ecclesiastica
1794 1026 1934 1062 institu-

357 1098 451 1133 enda
469 1095 673 1132 huiusmodi
700 1100 774 1130 tam
792 1107 868 1141 ·pro
887 1093 955 1129 hac
982 1092 1157 1140 primaria
1176 1092 1255 1127 vice
1275 1105 1383 1139 quam
1409 1093 1498 1128 alias
1526 1093 1701 1140 quociens
1722 1093 1784 1128 illa
1804 1106 1934 1129 vacare

356 1165 554 1213 contigerit
573 1164 699 1200 cadem
721 1162 939 1198 auctoritate
966 1161 1091 1196 nostra
1117 1160 1304 1196 reseruare
1330 1161 1465 1196 curetis
1492 1161 1542 1196 ita
1561 1167 1683 1196 tamen
1703 1162 1802 1208 quod
1819 1162 1935 1197 dictus

356 1247 477 1271 comes
509 1239 544 1269 et
576 1232 652 1268 eius
679 1229 896 1267 successores
923 1228 1097 1276 personas
1127 1241 1192 1276 per
1224 1241 1284 1264 eos
1323 1241 1390 1276 pro
1422 1235 1587 1276 tempore
1619 1230 1666 1264 ad
1698 1230 1935 1265 canonicatus

355 1303 561 1351 prebendas
598 1300 753 1335 vicarias
789 1304 825 1333 et
861 1296 1042 1332 beneficia
1078 1296 1283 1332 huiusmodi
1321 1297 1582 1344 presentandas
1622 1297 1804 1345 preposito
1840 1298 1935 1334 dide

356 1371 506 1408 ecclesie
533 1370 596 1416 qui
628 1368 697 1404 erit
728 1380 796 1414 pro
826 1373 992 1412 tempore
1019 1364 1230 1411 presentare
1257 1366 1418 1401 habeant
1450 1366 1597 1413 ipseque
1625 1367 1828 1414 prepositus
1853 1367 1935 1403 illas

356 1440 381 1475 fi
402 1439 491 1475 alias
511 1437 646 1473 fuerint
665 1436 809 1484 ydonee
828 1434 1020 1469 instituere
1048 1438 1216 1468 teneatur
1236 1442 1271 1469 et
1299 1434 1431 1469 debeat
1457 1447 1531 1469 non
1560 1434 1787 1470 obstantibus
1808 1435 1934 1470 volun-

356 1515 430 1544 tate
458 1507 582 1542 nostra
613 1505 778 1553 predista
814 1514 959 1538 necnon
999 1501 1043 1536 de
1080 1506 1181 1536 certo
1216 1502 1478 1537 canonicorum
1514 1515 1666 1537 numero
1699 1503 1793 1538 diste
1820 1503 1935 1538 eccle-

356 1577 403 1612 sie
449 1575 570 1611 Sancti
618 1572 793 1608 Nicholai
838 1583 881 1606 ac
932 1569 1258 1605 constitucionibus
1302 1577 1338 1606 et
1386 1570 1684 1606 ordinacionibus
1728 1571 1934 1618 apostolicis

355 1657 500 1680 necnon
526 1643 621 1678 diste
652 1639 801 1677 ecclesie
836 1639 962 1676 Sancti
994 1638 1166 1673 Nicholai
1190 1638 1397 1673 iuramento
1425 1639 1708 1674 confirmacione
1736 1639 1935 1686 apostolica

358 1713 413 1748 vel
450 1711 578 1759 quavis
609 1710 783 1745 firmitate
815 1708 888 1743 alia
918 1707 1101 1743 roboratis
1134 1706 1274 1742 statutis
1310 1712 1344 1742 et
1381 1707 1703 1742 consuetudinibus
1739 1707 1934 1743 contrariis

356 1780 631 1827 quibuscunque
668 1783 730 1813 aut
766 1778 791 1812 fi
827 1776 941 1823 aliqui
978 1777 1082 1824 super
1117 1774 1385 1822 prouifionibus
1423 1774 1485 1810 fibi
1521 1775 1699 1810 faciendis
1736 1776 1780 1811 de
1815 1776 1932 1811 huius-

356 1849 454 1884 modi
483 1848 542 1883 uel
570 1847 648 1882 aliis
671 1845 859 1882 beneficiis
890 1843 1143 1880 ecclesiasticis
1172 1844 1211 1879 in
1238 1843 1310 1878 illis
1341 1843 1506 1890 partibus
1538 1843 1711 1890 speciales
1739 1844 1797 1880 uel
1824 1858 1932 1892 gene-

356 1918 450 1953 rales
482 1916 678 1964 apostolice
710 1915 802 1950 sedis
831 1914 891 1949 uel
922 1914 1126 1961 legatorum
1156 1912 1232 1947 eius
1262 1911 1386 1946 literas
1412 1911 1645 1958 impetrarint
1672 1912 1787 1947 eciam
1816 1912 1840 1947 si
1868 1926 1932 1960 per

356 1999 416 2021 eas
452 1985 713 2020 inhibicionem
750 1982 1044 2018 reseruacionem
1077 1988 1112 2016 et
1148 1981 1336 2016 decretum
1373 1979 1432 2015 uel
1467 1979 1556 2015 alias
1588 1980 1860 2025 quomodolibet
1892 1982 1933 2017 fit

354 2053 556 2101 processum
593 2052 827 2099 quasquidem
867 2051 992 2085 literas
1029 2062 1071 2085 ac
1107 2047 1289 2096 procefl'us
1322 2048 1465 2083 habitos
1501 2060 1567 2095 per
1603 2048 1744 2083 easdem
1779 2055 1815 2084 et
1847 2062 1932 2096 que—

357 2134 501 2167 cunque
531 2121 618 2155 inde
655 2120 777 2155 secuta
809 2119 855 2153 ad
887 2118 1048 2165 prefatas
1082 2116 1251 2152 ecclesias
1284 2116 1447 2151 volumus
1478 2128 1552 2150 non
1589 2117 1734 2152 extendi
1766 2117 1826 2152 sed
1854 2118 1932 2153 nul-

356 2189 430 2224 lum
467 2201 531 2236 per
567 2188 636 2223 hoc
670 2187 722 2222 eis
758 2187 879 2233 quoad
915 2185 1173 2221 execucionem
1209 2185 1471 2220 beneficiorum
1507 2184 1661 2219 aliorum
1689 2185 1930 2231 preiudicium

357 2256 525 2304 generari
558 2263 594 2291 et
613 2255 830 2302 quibussibet
857 2253 1060 2301 priuilegiis
1091 2253 1336 2301 indulgenciis
1368 2265 1410 2288 ac
1442 2252 1556 2288 literis
1588 2253 1794 2299 apostolicis
1822 2267 1931 2301 gene—

357 2325 494 2359 ralibus
524 2324 584 2359 uel
611 2324 827 2371 specialibus
860 2335 1162 2370 quorumcunque
1200 2329 1367 2357 tenorum
1403 2320 1557 2357 existant
1588 2334 1652 2369 per
1687 2334 1757 2367 que
1787 2324 1931 2369 presen-

358 2392 453 2427 tibus
477 2404 548 2426 non
577 2391 740 2438 expressa
767 2392 823 2426 vel
851 2392 1014 2427 totaliter
1042 2404 1115 2426 non
1143 2392 1279 2427 inserta
1305 2392 1453 2427 effefiws
1473 2403 1599 2426 earum
1622 2390 1790 2437 impediri
1810 2391 1929 2426 valeat

358 2460 630 2506 quomodolibet
655 2460 713 2495 uel
733 2460 870 2495 differri
900 2467 936 2495 et
958 2461 1003 2496 de
1031 2461 1161 2507 quibus
1189 2472 1416 2507 quorumque
1442 2459 1528 2494 totis
1548 2459 1733 2494 tenoribus
1752 2458 1797 2492 de
1818 2460 1928 2495 verbo
