2147 2964
222 1805 278 1837 34.

327 280 373 312 ‘28
792 274 1104 312 REGISTRUM
1133 249 1438 313 CARTARUM

329 383 363 412 et
381 376 449 412 hac
469 376 626 423 presenti
646 381 748 411 carta
774 375 897 411 nostra
921 375 1145 412 confirmasse
1164 375 1248 412 Deo
1268 382 1303 412 et
1322 377 1447 412 domui
1467 377 1511 412 de
1533 375 1653 413 Soltre
1673 384 1708 414 et
1728 378 1902 415 fratribus

328 445 462 480 ibidem
483 444 566 480 Deo
593 444 833 479 seruientibus
864 450 899 480 et
928 444 1197 491 imperpetuum
1227 446 1412 481 seruituris
1441 450 1551 481 totam
1577 451 1712 482 terram
1740 446 1900 483 nostram

329 514 373 549 de
396 512 662 562 Swaynystoun
683 526 765 548 cum
793 512 1032 560 pertinenciis
1062 511 1134 548 fine
1163 513 1286 560 aliquo
1313 519 1565 550 retenemento
1586 535 1593 542 ·
1614 527 1720 561 quam
1753 514 1900 562 quidem

329 590 463 618 terram
485 595 552 630 ego
572 582 748 618 Anabilla
767 582 861 617 dfflo
882 581 1066 617 Nicholao
1093 583 1129 617 in
1157 582 1266 617 feudo
1294 589 1330 618 et
1356 582 1561 618 hereditate
1581 583 1665 618 dedi
1691 589 1726 618 et
1746 583 1899 619 conceffi

329 652 366 686 in
386 664 468 687 mea
485 651 651 698 legitima
669 656 704 686 et
718 650 869 698 propria
886 649 1063 697 potestate
1083 656 1279 698 antequam
1299 663 1355 686 me
1371 651 1644 698 disponsauerat
1660 672 1667 679 ·
1683 651 1899 687 Tenendam

331 726 366 756 et
392 720 597 755 habendam
625 718 689 754 fibi
717 725 752 754 et
781 718 1039 754 successoribus
1069 718 1138 754 suis
1157 719 1202 754 de
1225 719 1331 754 nobis
1359 724 1393 754 et
1419 719 1616 755 heredibus
1635 719 1768 755 nostris
1786 720 1901 756 libere

331 789 453 836 quiete
471 788 634 836 plenarie
660 794 696 823 et
722 787 923 823 honorifice
953 787 989 822 in
1018 800 1148 835 puram
1169 793 1205 823 et
1226 794 1442 834 perpetuam
1471 787 1694 823 elimosinam
1714 787 1813 823 saluo
1833 789 1901 824 ser-

332 857 428 893 uicio
448 856 584 892 domini
603 856 700 902 regis
720 856 891 891 consueto
919 862 954 891 et
982 855 1015 891 ci
1040 855 1161 892 debito
1181 856 1226 891 de
1245 856 1373 891 eadem
1399 861 1499 891 terra
1520 861 1556 891 et
1575 857 1732 903 vcusque
1750 856 1901 903 prestito

332 932 368 961 et
394 925 433 960 in
460 924 644 972 posterum
671 923 866 971 prestando
886 945 893 952 ·
914 923 993 959 Nos
1014 937 1100 959 vero
1127 930 1164 960 et
1189 924 1344 960 heredes
1370 924 1485 959 nostri
1510 924 1644 959 diuam
1664 930 1799 960 terram
1820 937 1901 960 cum

333 993 438 1029 dietis
457 993 695 1041 pertinenciis
714 993 818 1028 dietis
836 993 1010 1028 fratribus
1039 1000 1168 1029 contra
1195 1006 1320 1029 omnes
1346 992 1512 1028 homines
1537 998 1572 1028 et
1591 992 1744 1028 feminas
1765 1005 1902 1028 waran-

333 1061 524 1096 tizabimus
552 1061 840 1108 acquietabimus
871 1067 906 1096 et
935 1061 1172 1097 defendemus
1192 1083 1199 1089 ·
1218 1061 1265 1097 Et
1288 1061 1386 1110 [nos]
1411 1074 1496 1097 vero
1517 1061 1721 1097 Nicholaus
1746 1067 1782 1096 et
1802 1062 1900 1096 Ana-

332 1130 421 1165 billa
447 1129 573 1177 sponsa
599 1142 680 1165 mea
705 1129 751 1164 ad
780 1129 903 1164 onmia.
929 1130 1093 1177 13redi8ta
1119 1129 1277 1165 fideliter
1304 1130 1531 1166 obseruanda
1559 1129 1749 1177 corporale
1776 1128 1903 1176 presti-

333 1201 440 1234 timus
459 1198 726 1234 sacramentum
746 1219 752 1225 ·
773 1197 816 1232 In
841 1200 942 1233 cuius
969 1198 1023 1233 rei
1051 1197 1297 1234 testimonium
1322 1199 1527 1244 presentem
1547 1208 1686 1233 cartam
1704 1197 1903 1245 sigillorum

332 1267 539 1302 nostrorum
558 1266 759 1301 munimine
778 1265 1032 1300 roborauimus
1052 1265 1142 1300 -hiis
1162 1264 1312 1300 testibus
1331 1265 1480 1300 domino
1496 1265 1684 1300 Willelmo
1703 1265 1748 1300 de
1771 1264 1903 1301 Sanffto

295 1372 301 1376 s
334 1336 445 1372 Claro
471 1341 558 1371 tunc
584 1335 798 1370 vicecomite
826 1334 871 1369 de
899 1333 1129 1381 Edynburgh
1157 1333 1305 1368 domino
1333 1333 1455 1368 Alano
1479 1334 1524 1369 de
1546 1333 1769 1381 Ormystoun
1791 1333 1904 1368 milite

334 1404 492 1440 Ricardo
512 1404 557 1439 de
577 1402 807 1438 Hertishevit
834 1401 1007 1448 magistro
1024 1401 1049 1437 J
1052 1402 1196 1437 ohanne
1216 1402 1261 1436 de
1281 1401 1380 1437 Keth
1400 1402 1549 1437 domino
1570 1402 1688 1437 Adam
1709 1402 1754 1437 de
1773 1401 1904 1449 Pokby

334 1472 523 1520 capellano
538 1471 722 1506 Willelmo
742 1471 786 1506 de
806 1469 938 1506 Veteri
958 1469 1075 1505 Ponte
1101 1470 1250 1505 domino
1270 1471 1315 1506 de
1336 1470 1495 1506 Boltoun
1515 1470 1703 1506 willelmo
1721 1470 1796 1506 filio
1818 1470 1906 1506 Gal-

334 1540 419 1575 fridi
438 1540 598 1575 Ricardo
617 1540 711 1575 (11ἃο
731 1539 896 1575 Praduin
917 1539 1071 1574 Andrea
1090 1539 1134 1574 de
1157 1538 1277 1575 Soltre
1297 1539 1432 1575 clerico
1451 1545 1487 1575 et
1506 1539 1595 1575 aliis.

338 1689 451 1725 Carta
470 1688 642 1724 Edwardi
662 1688 707 1723 de
726 1686 823 1723 Albo
842 1686 960 1723 Fonte
980 1688 1024 1723 de
1045 1689 1150 1723 terris
1170 1687 1215 1722 de
1236 1686 1453 1734 Qwhytwel.

340 1792 534 1847 Omnibus
555 1810 674 1846 san&e
700 1808 827 1845 matris
853 1808 1001 1845 ecclesie
1022 1809 1105 1844 filiis
1132 1808 1280 1855 presens
1305 1807 1478 1854 scriptum
1500 1806 1626 1841 visuris
1649 1806 1706 1841 vel
1725 1806 1904 1841 audituris

338 1880 540 1915 Edwardus
559 1879 604 1914 de
624 1879 722 1914 Albo
741 1878 859 1913 Fonte
886 1877 1041 1913 clericus
1067 1879 1187 1912 refitor
1212 1875 1360 1911 ecclesie
1385 1876 1431 1910 de
1450 1874 1674 1922 Kirkmolyn
1696 1874 1845 1909 salutem
1868 1875 1904 1909 in

339 1948 498 1984 Domino
518 1948 773 1995 sempiternam
794 1967 801 1974 ·
821 1946 982 1982 Nouerit
1002 1945 1217 1981 vniuerfitas
1238 1944 1356 1980 vestra
1382 1957 1439 1979 me
1463 1944 1588 1979 diuine
1606 1943 1753 1990 pietatis
1773 1943 1906 1978 intuitu

339 2023 374 2054 et
391 2030 458 2065 pro
474 2016 588 2052 salute
608 2016 727 2051 anime
752 2028 831 2051 mee
852 2021 888 2051 et
906 2027 973 2062 pro
1001 2014 1190 2050 animabus
1217 2012 1479 2048 antecessorum
1499 2018 1535 2047 et
1553 2012 1790 2047 successorum
1810 2024 1905 2046 meo-

340 2099 419 2121 rum
439 2084 572 2121 dedisse
592 2083 795 2120 concessisse
815 2090 851 2119 et
869 2083 991 2130 quiete
1012 2083 1176 2118 clamasse
1195 2095 1262 2130 pro
1281 2095 1339 2118 me
1362 2088 1398 2118 et
1416 2082 1610 2117 heredibus
1629 2082 1719 2116 meis
1737 2082 1798 2116 seu
1817 2080 1906 2115 mihi

342 2166 559 2201 quocunque
587 2152 693 2188 titulo
722 2152 916 2187 succedere
948 2151 1150 2187 valentibus
1177 2150 1260 2186 Deo
1285 2157 1320 2186 et
1347 2150 1470 2186 domui
1497 2149 1627 2186 San&e
1649 2149 1841 2184 Trinitatis
1861 2149 1905 2183 de

343 2220 461 2257 Soltre
481 2227 516 2255 et
535 2220 708 2255 fratribus
728 2219 863 2254 ibidem
878 2218 960 2254 Deo
980 2218 1222 2254 seruientibus
1241 2224 1277 2254 et
1295 2219 1560 2266 imperpetuum
1580 2217 1766 2253 seruituris
1781 2229 1906 2252 omnes

342 2295 457 2324 terras
475 2288 555 2323 illas
575 2301 663 2334 quas
682 2288 726 2323 de
747 2288 854 2323 domo
873 2287 918 2323 de
948 2286 1068 2322 Soltre
1095 2287 1195 2322 tenui
1221 2287 1319 2334 apud
1339 2285 1543 2335 Qwhytwel
1571 2291 1606 2321 et
1631 2285 1670 2320 in
1697 2290 1906 2320 tenemento

343 2358 387 2392 de
409 2356 661 2404 Swaynistoun
689 2356 762 2391 sine
790 2356 912 2403 aliquo
940 2355 1183 2391 retinemento
1211 2368 1293 2391 cum
1320 2355 1420 2390 omni
1445 2354 1524 2389 iure
1547 2353 1643 2401 quod
1667 2353 1706 2388 in
1725 2353 1776 2388 eis
1795 2351 1905 2387 habui

344 2425 401 2460 vel
419 2425 551 2460 habere
571 2426 672 2471 potui
692 2445 698 2452 ·
718 2424 817 2459 Dedi
843 2425 957 2459 eciam
983 2430 1018 2459 ct
1045 2422 1197 2459 conceffi
1226 2429 1262 2459 et
1288 2423 1357 2459 hac
1381 2422 1538 2470 presenti
1560 2426 1661 2457 carta
1679 2433 1760 2456 mea
1779 2420 1906 2456 confir-
