2147 2964
348 306 419 341 268
721 304 899 341 CARTE
925 303 1182 340 ECCLESIE
1211 302 1553 340 COLLEGIATE

351 406 412 440 sub
431 405 498 440 hac
519 404 636 439 forma
655 425 661 431 -
680 404 833 440 JONETA
853 403 1047 439 KENNEDY
1076 403 1225 438 domina
1252 403 1297 438 de
1323 402 1495 438 Bothuile
1524 402 1697 437 vniuerfis
1721 408 1757 436 et
1777 401 1924 448 singulis

351 473 554 520 presentem
573 477 711 508 cartam
733 472 860 507 visuris
880 472 938 507 vel
965 472 1143 507 audituris
1162 478 1325 507 eternam
1356 472 1391 506 in
1412 470 1574 506 Domino
1593 470 1743 506 salutem
1765 491 1772 499 ·
1794 469 1925 506 Sciatis

351 554 416 576 nos
436 542 473 576 in
492 541 637 576 laudem
658 546 694 576 et
712 540 890 576 honorem
910 539 983 575 Dei
1004 539 1279 587 Omnipotentis
1299 546 1334 576 et
1353 538 1600 586 gloriofiffime
1619 538 1789 586 Virginis
1806 537 1926 573 Marie

352 610 477 646 matris
509 610 569 645 sue
601 622 643 645 ac
674 609 834 644 omnium
864 609 1069 644 sanetorum
1101 609 1291 655 diuinique
1325 607 1443 643 cultus
1475 606 1811 655 augmentationem
1845 618 1926 641 cum

353 678 524 714 consensu
553 684 589 713 et
620 677 757 713 assensu
789 677 1010 713 venerabilis
1041 683 1076 712 et
1109 677 1248 725 egregii
1277 676 1345 711 viri
1378 675 1540 723 magistri
1572 675 1724 711 Ricardi
1756 674 1927 710 Bothuile

353 746 502 783 ecclesie
530 746 723 794 collegiate
745 746 951 781 Beatissime
971 745 1139 793 Virginis
1168 744 1286 780 Marie
1314 744 1358 779 de
1380 743 1529 791 Campis
1556 744 1653 779 infra
1675 755 1797 778 muros
1816 742 1928 777 Edin-

353 816 460 864 burgi
490 815 608 850 situati
641 813 813 861 prepositi
842 826 987 849 necnon
1020 813 1346 860 prebendariorum
1379 818 1414 846 et
1446 811 1594 858 capituli
1625 811 1782 847 eiusdem
1812 811 1926 846 eciam

355 884 554 919 accedente
582 883 629 918 ad
655 883 693 917 id
721 882 1002 917 mortificatione
1031 880 1308 916 confirmatione
1336 879 1598 927 approbatione
1627 885 1663 914 et
1686 879 1928 915 ratificatione

354 950 576 986 illustriffimi
603 950 735 986 Jacobi
768 949 959 985 Scotorum
990 949 1086 996 regis
1121 947 1240 995 quinti
1272 954 1307 982 et
1339 946 1626 982 reuerendiffimi
1658 947 1772 994 patris
1799 947 1930 983 Jacobi

358 1019 622 1056 Sanffiandree
641 1017 907 1065 archiepiscopi
927 1017 1092 1052 moderni
1111 1029 1177 1063 pro
1197 1016 1309 1051 salute
1333 1015 1442 1063 ipsius
1462 1015 1597 1050 domini
1617 1016 1714 1063 regis
1734 1028 1775 1051 ac
1796 1016 1929 1051 succes-

357 1091 475 1124 sorum
495 1088 638 1123 suorum
667 1093 702 1122 et
730 1087 934 1122 animarum
963 1085 1075 1132 patris
1104 1084 1261 1120 eiusdem
1291 1096 1333 1118 ac
1360 1083 1650 1130 predecessorum
1677 1085 1876 1119 eorundem
1897 1090 1931 1119 et

358 1170 423 1204 pro
442 1157 555 1192 salute
575 1156 695 1192 anime
714 1155 835 1190 nostre
856 1160 891 1189 et
911 1153 1030 1189 anime
1051 1153 1234 1200 quondam
1255 1151 1475 1186 Archibaldi
1501 1152 1641 1187 comitis
1663 1152 1825 1199 Angusie
1846 1152 1930 1187 olim

358 1225 478 1260 mariti
507 1224 620 1259 nostri
648 1222 831 1270 patrisque
851 1227 887 1257 et
910 1221 1033 1256 matris
1062 1233 1104 1255 ac
1132 1220 1292 1255 omnium
1320 1218 1526 1254 nostrorum
1554 1218 1814 1254 antecessorum
1834 1227 1870 1255 et.
1889 1221 1933 1255 ab

359 1293 489 1328 eisdem
511 1291 800 1327 discendentium
829 1302 871 1324 ac
900 1301 967 1336 pro
994 1288 1108 1323 salute
1137 1287 1222 1322 diffl
1249 1286 1540 1322 reuerendiffimi
1567 1287 1681 1333 patris
1709 1293 1745 1323 et
1772 1288 1933 1323 omnium

361 1360 676 1408 consanguinitate
697 1358 871 1393 affinitate
891 1358 951 1392 seu
971 1356 1156 1392 beneficiis
1184 1355 1289 1390 nobis
1316 1354 1596 1390 coniunaorum
1617 1361 1651 1390 et
1672 1356 1833 1391 omnium
1853 1368 1937 1392 con·

361 1438 417 1466 tra
435 1441 525 1476 quos
552 1428 589 1462 in
617 1427 687 1462 hac
707 1426 782 1462 vita
810 1425 1028 1460 offendimus
1047 1431 1082 1460 et
1111 1425 1157 1459 ad.
1182 1436 1337 1470 quorum
1362 1423 1568 1471 obligamur
1588 1425 1780 1460 emendam
1801 1437 1843 1460 ac
1863 1437 1936 1459 om-

362 1499 462 1533 nium
498 1495 658 1531 fidelium
697 1494 950 1530 defun&orum
988 1505 1096 1528 vnum
1141 1492 1425 1540 prebendarium
1461 1492 1533 1527 siue
1571 1505 1677 1528 vnam
1713 1493 1936 1539 prebendam

363 1565 622 1602 sacerdotalem
650 1564 685 1599 in
715 1563 813 1598 diua
840 1562 992 1598 ecclesia
1020 1561 1214 1609 collegiata
1243 1561 1356 1596 Beate
1376 1560 1543 1608 Virginis
1572 1561 1692 1596 Marie
1719 1562 1763 1596 de
1789 1560 1937 1608 Campis

363 1633 647 1682 prebendarium
678 1630 884 1667 Beatiffime
915 1630 1081 1677 Virginis
1114 1629 1234 1665 Marie
1267 1628 1453 1676 perpetuis
1484 1629 1615 1664 futuris
1646 1630 1871 1676 temporibus
1901 1629 1937 1663 in

365 1704 490 1738 eadem
521 1701 671 1738 ecclesia
703 1707 738 1736 et
767 1700 880 1735 choro
912 1699 1071 1734 eiusdem
1105 1698 1232 1733 diuina
1263 1697 1533 1733 celebraturum
1562 1697 1826 1732 nominandum
1857 1710 1937 1732 cum

366 1771 562 1807 sufficiente
581 1770 750 1818 portione
770 1768 923 1803 inferius
948 1767 1010 1802 sibi
1039 1766 1263 1814 designanda
1281 1766 1497 1813 deputamus
1517 1765 1668 1800 facimus
1688 1764 1939 1800 constituimus

368 1840 540 1888 erigimus
575 1843 684 1885 atque
713 1837 980 1884 imperpetuum
1012 1835 1206 1870 fundamus
1234 1856 1241 1862 ·
1272 1833 1345 1876 Qui
1379 1846 1465 1869 vero
1498 1833 1762 1880 prebendarius
1792 1833 1939 1868 habebit

368 1907 556 1943 annuatim
575 1906 621 1942 ad
641 1905 936 1940 sustentationem
955 1905 1053 1938 suam
1082 1908 1194 1938 totam
1223 1909 1258 1938 et
1284 1903 1466 1949 integram
1493 1907 1629 1937 terram
1649 1914 1764 1937 meam
1785 1901 1940 1936 auterio-

370 1990 446 2012 rem
465 1976 664 2011 tenementi
683 1973 867 2020 quondam
889 1971 1059 2019 Hugonis
1079 1971 1152 2006 Bar
1172 1977 1208 2006 et
1226 1982 1378 2017 paruam
1398 1982 1577 2005 cameram
1597 1970 1802 2005 immediate
1823 1970 1940 2005 eidem

372 2052 467 2080 terre
497 2043 727 2078 adiacentem
756 2040 879 2075 subtus
909 2044 945 2074 et
976 2040 1083 2086 supra
1119 2051 1162 2073 ex
1193 2045 1297 2086 parte
1331 2038 1548 2074 occidentali
1582 2037 1751 2073 transitus
1783 2037 1940 2073 eiusdem

373 2111 570 2148 tenementi
598 2116 634 2146 et
661 2109 850 2145 cellarium
878 2108 1000 2143 subtus
1028 2107 1181 2142 eandem
1210 2113 1362 2153 excepto
1388 2106 1475 2140 solio
1502 2107 1606 2153 super
1631 2106 1740 2153 ipsam
1761 2118 1939 2140 cameram

375 2193 528 2216 vnacum
557 2190 672 2226 paruo
705 2178 735 2212 le
758 2177 900 2224 penteis
930 2175 1028 2210 inter
1054 2175 1210 2222 gradum
1237 2173 1408 2209 introitus
1436 2173 1530 2207 diue
1558 2179 1654 2208 terre
1684 2173 1877 2208 anterioris
1907 2180 1941 2207 et

375 2254 522 2295 puteum
549 2245 753 2281 huiusmodi
781 2243 979 2280 tenementi
1008 2256 1088 2278 cum
1117 2242 1283 2289 omnibus
1311 2241 1381 2276 suis
1408 2240 1637 2288 pertinentiis
1669 2241 1765 2287 quod
1797 2240 1941 2286 quidem

377 2320 623 2351 tenementum
650 2314 746 2348 iacet
772 2312 868 2347 infra
896 2313 1049 2359 burgum
1079 2311 1124 2345 de
1152 2309 1370 2357 Edinburgh
1398 2309 1435 2343 in
1463 2309 1497 2343 le
1523 2307 1687 2355 Cowgait
1715 2307 1873 2342 eiusdem
1901 2321 1942 2342 cx

379 2390 481 2429 parte
501 2382 649 2417 australi
669 2381 753 2416 Vici
775 2380 882 2428 Regii
907 2380 1065 2415 eiusdem
1094 2379 1190 2414 inter
1218 2384 1352 2413 terram
1381 2377 1564 2424 quondam
1583 2375 1715 2411 Jacobi
1740 2375 1881 2410 comitis
1900 2376 1944 2409 de

385 2449 555 2485 Buchane
575 2461 617 2483 ex
638 2447 807 2483 orientali
828 2453 862 2482 et
882 2456 1016 2482 terram
1047 2446 1229 2493 quondam
1250 2445 1392 2481 Thome
1413 2444 1496 2479 Tod
1524 2443 1648 2479 militis
1667 2455 1710 2478 ex
1729 2450 1832 2489 parte
1853 2443 1945 2478 occi-
