2147 2964
731 282 920 321 DOMUS
946 283 1018 319 DE
1048 282 1264 320 SOLTRE.
1732 288 1773 319 31

213 381 366 417 seruicio
385 382 582 417 exaccione
602 387 638 418 et
656 382 809 418 seculari
829 383 1010 418 demanda
1034 395 1115 418 eum
1141 381 1307 418 omnibus
1327 381 1558 430 aysiamcntis
1577 383 1624 418 ad
1643 384 1777 419 dictam

213 455 347 486 terram
366 450 583 486 intrinsecus
603 455 639 485 et
657 450 882 486 extrinsecus
904 450 1172 498 pcrtinentibus
1192 450 1281 485 sicut
1300 450 1422 497 aliqua
1441 450 1628 486 elimosina
1645 451 1682 486 in
1703 458 1779 487 toto

214 529 327 565 regno
349 516 477 554 Scocie
495 516 606 552 alicui
625 517 749 553 domui
776 518 942 565 religiose
963 519 1049 553 data
1067 524 1103 553 et
1131 517 1294 553 concessa
1313 522 1458 553 tenetur
1476 524 1537 553 aut
1555 518 1752 565 poffidetur
1772 542 1779 548 -

214 584 262 620 Et
281 583 305 619 fi
325 585 514 632 contingat
534 584 632 631 quod
652 584 762 633 Hugo
782 586 827 620 de
845 585 1104 633 Johnnystoun
1126 584 1183 619 vel
1210 585 1362 619 heredes
1387 585 1438 620 sui
1467 591 1601 621 terram
1624 587 1721 622 suam
1742 587 1778 622 iu

213 652 399 688 territorio
418 652 514 687 difte
534 652 619 687 ville
642 652 687 688 de
705 652 913 701 Jonystoun
933 652 1166 688 vendiderint
1184 653 1243 687 vel
1269 653 1391 699 aliquo
1412 654 1519 688 modo
1539 654 1780 690 alienaucrint

213 732 281 767 ego
299 719 490 755 Johannes
517 725 553 755 et
577 720 731 755 heredes
758 721 830 756 mei
858 721 1148 768 prenominatam
1177 726 1313 756 terram
1340 721 1434 756 dicte
1453 722 1577 757 domui
1596 723 1640 758 de
1662 722 1780 758 Soltrc

212 786 334 822 datam
360 786 397 822 in
423 799 552 834 puram
578 792 613 823 et
639 793 853 835 perpetuam
882 788 1104 824 elimosinam
1129 802 1151 824 a
1170 789 1352 824 communi
1375 789 1523 835 pastura
1541 802 1648 836 quam
1669 790 1781 825 distus

215 854 326 903 Hugo
345 855 472 891 habuit
492 855 546 891 vel
567 855 720 891 heredes
740 855 790 891 sui
811 856 946 892 habere
973 857 1135 904 poterint
1155 863 1190 892 et
1209 859 1307 892 omni
1326 857 1398 892 alio
1418 870 1529 893 onere
1548 858 1780 905 indempnem

212 930 249 960 et
279 923 477 959 immunem
509 924 803 959 conseruabimus
832 945 840 952 ·
870 924 1044 960 Concedo
1076 926 1191 961 eciam
1223 932 1260 961 vt
1292 925 1423 961 fratres
1455 925 1548 961 dic-te
1581 927 1708 961 domus
1737 927 1781 961 dc

217 990 337 1028 Soltre
363 991 615 1027 molendinum
643 991 781 1027 faciant
807 991 845 1027 in
873 998 972 1028 terra
1001 993 1063 1030 sua
1092 995 1198 1042 super
1224 994 1345 1029 riuulo
1374 994 1418 1030 de
1446 994 1719 1042 Lyndenburne
1747 1001 1783 1030 ct

215 1059 380 1108 stagnum
399 1060 499 1096 suum
518 1061 664 1096 firment
688 1060 726 1096 in
755 1066 853 1096 terra
880 1074 960 1096 mea
979 1062 1186 1110 vbicuuque
1207 1063 1388 1099 voluerint
1413 1068 1448 1098 et
1468 1063 1602 1097 diuum
1623 1063 1781 1098 riuulum

215 1128 351 1164 ducant
369 1129 478 1176 vsque
498 1129 544 1164 ad
563 1129 698 1164 diuum
717 1129 967 1165 molendinum
993 1130 1080 1167 ficut
1106 1132 1236 1167 melius
1255 1138 1291 1167 et
1310 1132 1533 1167 commodius
1553 1132 1603 1166 eis
1624 1132 1783 1168 viderint

215 1197 388 1245 expedire
411 1219 418 1226 ·
439 1197 519 1245 Ego
548 1210 634 1233 vero
666 1204 702 1233 et
729 1197 883 1234 heredes
914 1199 985 1234 mei
1015 1199 1147 1235 dictam
1180 1200 1421 1235 donacionem
1453 1205 1489 1235 et
1520 1199 1783 1236 concessionem

215 1265 311 1302 dicte
330 1266 455 1301 domui
479 1266 524 1301 de
549 1265 667 1301 Soltre
696 1266 784 1301 sicut
803 1266 937 1302 di&um
966 1267 1017 1302 est
1042 1273 1171 1304 contra
1189 1281 1314 1303 omnes
1332 1268 1497 1303 homines
1516 1268 1783 1315 imperpetuum

216 1334 533 1370 warantizabimus
558 1334 846 1381 acquietabimus
871 1340 907 1369 et
926 1335 1163 1370 defendemus
1182 1357 1189 1364 ·
1209 1336 1258 1371 Et
1277 1342 1313 1371 vt
1333 1336 1401 1371 hec
1425 1349 1505 1371 mea
1530 1336 1684 1371 donacio
1704 1342 1784 1371 rata

215 1407 362 1437 maneat
383 1401 650 1449 imperpetuum
677 1407 713 1437 et
738 1401 945 1437 inconcussa
968 1403 1171 1449 presentem
1197 1410 1335 1439 cartam
1360 1403 1465 1450 sigilli
1489 1405 1560 1439 mei
1583 1404 1782 1439 munimine

215 1470 387 1505 roboraui
403 1491 410 1497 -
425 1470 493 1505 hiis
511 1469 660 1505 testibus
679 1470 828 1505 domino
841 1471 963 1505 Adam
982 1471 1027 1506 de
1045 1470 1223 1506 Gordoun
1240 1472 1387 1507 domino
1405 1471 1548 1507 Thoma
1567 1472 1612 1507 (16
1630 1472 1783 1508 Pencat-

216 1538 302 1574 land
330 1538 478 1573 domino
499 1537 644 1573 Thoma
670 1538 714 1574 dc
743 1538 830 1586 113)-
857 1539 1005 1573 domino
1031 1538 1153 1574 Alano
1180 1540 1225 1575 de
1255 1539 1385 1576 Sancto
1407 1539 1517 1576 Claro
1545 1540 1693 1575 domino
1713 1540 1782 1576 Ra-

216 1605 353 1653 dulpho
372 1605 498 1641 Nobili
518 1606 665 1641 domino
685 1605 872 1641 Willelmo
890 1607 934 1641 de
954 1606 1090 1642 Bailolf
1104 1608 1277 1655 magistro
1295 1609 1415 1643 Adam
1435 1609 1480 1643 dc
1500 1607 1782 1643 Malcarristoun

216 1673 387 1721 magistro
406 1673 577 1709 Johanne
597 1674 642 1709 de
662 1673 803 1709 Kelcov
821 1674 1008 1710 Willelmo
1027 1676 1072 1711 de
1093 1675 1313 1712 Hertisslede
1334 1676 1493 1724 Hugone
1511 1677 1556 1712 de
1574 1675 1782 1724 Jonystoun

217 1747 252 1778 et
271 1742 363 1778 aliis.

218 1889 331 1927 Carta
350 1890 506 1926 iValteri
526 1891 571 1926 de
593 1890 713 1928 Soltre
731 1891 919 1939 burgensis
938 1891 982 1926 de
1002 1891 1161 1939 Berwyk
1179 1892 1224 1927 de
1243 1892 1397 1939 quadam
1417 1898 1519 1940 parte
1539 1898 1636 1927 terre
1656 1892 1726 1928 suc.

153 2038 160 2045 .
221 1993 416 2049 Omnibus
446 2012 582 2048 Christi
608 2012 774 2047 fidelibus
801 2012 871 2047 hoc
897 2013 1068 2060 scriptum
1098 2014 1223 2049 visuris
1251 2015 1308 2049 vel
1335 2015 1513 2050 audituris
1533 2015 1719 2051 WValterus
1738 2015 1783 2050 dc

222 2079 341 2116 Soltre
367 2081 556 2129 burgensis
584 2081 628 2116 de
648 2080 806 2128 Berwyk
833 2080 982 2116 salutem
1010 2087 1172 2117 eternam
1201 2082 1236 2117 in
1256 2082 1417 2118 Domino
1436 2105 1443 2112 ·
1463 2084 1621 2119 Noueiit
1640 2085 1783 2119 vniuer-

220 2149 302 2185 fitas
331 2149 450 2185 vestra
480 2162 536 2184 me
568 2149 701 2184 dedisse
733 2149 935 2185 conceffill'e
967 2155 1002 2185 et
1033 2149 1101 2186 hae
1132 2152 1290 2198 presenti
1320 2158 1422 2187 carta
1452 2165 1531 2187 mea
1562 2152 1783 2188 confirmasse

220 2218 342 2253 domui
363 2218 408 2253 de
437 2217 556 2254 Soltre
584 2223 620 2253 et
648 2217 890 2253 confratribus
921 2217 1054 2253 ibidem
1084 2218 1166 2253 Deo
1198 2219 1436 2254 seruientibus
1465 2226 1501 2254 et
1532 2220 1569 2256 in
1601 2222 1783 2269 posterum

220 2286 407 2322 seruituris
426 2287 608 2334 quandam
627 2292 767 2334 partem
788 2294 884 2322 terre
902 2300 980 2323 mee
996 2300 1102 2333 quam
1118 2288 1198 2335 cepi
1217 2289 1262 2324 ad
1282 2290 1518 2327 feodifirmam
1536 2293 1580 2327 (16
1596 2293 1782 2329 Willelmo

223 2355 268 2390 de
289 2354 508 2403 Chernysyd
537 2361 573 2390 ct
593 2355 716 2390 Alicia
744 2355 788 2390 de
817 2355 874 2403 By
902 2367 1011 2390 vxore
1031 2356 1093 2391 sua
1122 2369 1203 2391 cum
1234 2358 1400 2394 omnibus
1430 2360 1580 2395 edificiis
1609 2367 1645 2397 et
1673 2363 1783 2410 perti·

222 2423 362 2459 nenciis
382 2429 417 2459 et
436 2436 501 2471 per
519 2423 660 2459 easdem
680 2428 795 2459 metas
819 2428 855 2459 et
873 2422 1003 2458 diuisas
1030 2423 1125 2460 inter
1144 2437 1209 2460 nos
1229 2426 1411 2462 confectas
1430 2440 1500 2474 que
1519 2428 1614 2465 iacet
1631 2430 1669 2465 in
1690 2444 1783 2467 com—
