2147 2964
374 274 421 305 88
674 263 993 302 REGISTRUM
1019 261 1275 300 ECCLESIE
1304 261 1649 300 COLLEGIATE

375 369 588 418 putantibus
620 372 656 403 et
686 366 749 402 diu
781 364 980 413 expectatis
1011 362 1104 398 nulli
1136 368 1422 410 comparuerunt
1458 375 1527 398 nec
1561 369 1691 398 contra
1721 361 1953 410 infrascripta

377 438 621 486 opposuerunt
651 457 659 464 ·
697 434 835 470 idcirco
869 432 965 468 idem
1001 431 1175 479 magister
1207 430 1233 466 J
1235 430 1371 466 acobus
1405 431 1663 478 procuratorio
1699 430 1846 466 nomine
1883 443 1954 478 quo

376 509 484 555 supra
511 506 705 541 citatorum
732 503 771 538 in
799 502 935 538 eisdem
963 505 1219 536 contentorum
1249 505 1464 535 vocatorum
1492 507 1528 536 et
1555 513 1629 536 non
1658 500 1956 548 comparencium

378 574 629 612 contumacias
657 571 842 608 accusauit
870 569 1033 618 ipsosque
1066 574 1301 604 contumaces
1333 569 1497 617 reputari
1529 569 1674 605 curauit
1702 575 1738 605 et
1764 569 1802 604 in
1832 581 1956 604 eorum

379 643 609 681 contumacie
629 653 763 689 penam
788 639 994 687 predictum
1014 644 1117 673 vetus
1137 644 1172 673 et
1191 637 1383 684 antiquum
1410 637 1606 685 registrum
1626 638 1752 673 sanum
1770 637 1956 685 integrum

379 721 415 750 et
439 712 578 749 illesum
605 723 680 746 non
707 709 882 744 viciatum
908 720 982 742 non
1011 705 1255 742 cancellatum
1277 718 1346 741 nec
1365 706 1403 741 in
1421 706 1544 753 aliqua
1562 706 1612 742 sui
1632 712 1737 754 parte
1756 706 1957 753 suspe&um

380 783 441 818 sed
460 780 559 816 omni
584 779 730 828 prorsus
750 777 842 812 vicio
871 782 907 812 et
931 775 1131 823 suspicione
1161 786 1290 810 carens
1314 774 1409 809 fafito
1434 775 1582 810 realiter
1608 782 1643 811 et
1663 788 1745 811 cum
1772 775 1901 810 effe&u
1922 775 1958 809 in

381 849 522 898 scriptis
549 846 714 884 exhibuit
741 851 850 892 atque
876 843 1051 892 produxit
1075 843 1174 890 quod
1197 841 1385 878 tranffumi
1414 843 1608 879 transcribi
1636 850 1671 879 et
1699 843 1898 892 exemplari
1918 856 1959 878 ac

382 920 420 954 in
438 917 624 966 publicam
642 915 797 950 formam
824 912 943 960 redigi
970 911 1138 947 mandari
1163 911 1397 958 nostramque
1418 917 1454 946 et
1473 912 1567 947 dieta
1588 912 1689 947 curie
1709 911 1960 948 anaoritatem

384 985 613 1022 iudiciariam
632 983 771 1031 pariter
791 988 826 1017 et
845 982 1035 1017 decretum
1055 980 1208 1028 desuper
1227 979 1411 1028 interponi
1430 992 1495 1027 per
1512 993 1579 1015 nos
1598 980 1775 1015 instanter
1794 980 1907 1028 peciit
1926 985 1962 1015 et

383 1053 581 1104 postulauit
599 1073 606 1079 ·
625 1051 705 1088 Nos
732 1057 820 1087 tunc
840 1049 1012 1085 Matheus
1042 1047 1302 1084 commissarius
1328 1049 1491 1096 prefatus
1517 1049 1632 1084 difitos
1661 1049 1790 1085 citatos
1816 1055 1962 1085 vocatos

386 1131 422 1160 et
440 1136 514 1158 non
535 1125 789 1169 comparentes
816 1117 1068 1166 reputauimus
1092 1116 1224 1152 merito
1251 1116 1290 1151 id
1318 1117 1487 1164 exigente
1509 1117 1653 1156 iusticia
1673 1125 1908 1153 contumaces
1928 1124 1964 1152 et

386 1195 423 1229 in
444 1205 570 1228 eorum
590 1188 820 1227 contumacie
839 1199 970 1235 penam
992 1186 1128 1221 difflmm
1147 1191 1252 1220 vetus
1278 1191 1314 1220 et
1338 1185 1528 1232 antiquum
1552 1186 1746 1233 registrum
1770 1187 1817 1222 ad
1834 1200 1964 1222 manus

386 1263 527 1299 nostras
545 1259 751 1306 recepimus
778 1256 944 1302 illudque
967 1253 1124 1289 vidimus
1150 1253 1335 1288 tenuimus
1361 1253 1516 1300 legimus
1539 1260 1574 1289 et
1593 1254 1791 1302 diligenter
1809 1255 1964 1302 inspexi-

384 1344 464 1367 mus
483 1351 490 1357 ·
509 1335 545 1365 et
564 1328 650 1375 quia
667 1323 875 1361 huiusmodi
894 1328 999 1358 vetus
1027 1320 1224 1369 registrum
1250 1322 1375 1357 sanum
1394 1321 1580 1369 integrum
1600 1328 1636 1358 et
1652 1323 1792 1358 illesum
1811 1329 1846 1358 et
1865 1324 1964 1358 omni

384 1398 530 1448 prorsus
544 1396 639 1431 vicio
652 1400 688 1430 et
701 1392 903 1440 suspicione
919 1402 1049 1426 carens
1064 1389 1271 1424 inuenimus
1285 1389 1428 1425 idcirco
1443 1390 1491 1425 ad
1504 1389 1590 1425 dieti
1605 1390 1769 1438 magistri
1782 1390 1808 1426 J
1811 1391 1965 1427 ohannis

385 1467 511 1514 Brady
529 1464 702 1513 prepositi
721 1462 871 1499 ecclesie
891 1461 1085 1509 collegiate
1112 1458 1275 1508 prediffte
1301 1463 1337 1494 et
1362 1459 1693 1506 prebendariorum
1713 1460 1799 1496 dieti
1819 1460 1965 1509 collegii

385 1535 582 1572 instancias
609 1532 701 1568 illud
719 1545 785 1580 per
804 1530 995 1566 dominum
1021 1529 1207 1565 notarium
1234 1526 1423 1575 publicum
1446 1540 1489 1563 ac
1508 1527 1603 1563 diae
1623 1528 1724 1564 curie
1742 1529 1895 1565 scribam
1914 1530 1966 1565 in-

386 1603 619 1651 frascriptum
639 1600 826 1637 tranffumi
845 1598 1041 1635 transcribi
1060 1604 1096 1634 et
1115 1596 1313 1644 exemplari
1333 1601 1369 1631 et
1387 1595 1425 1631 in
1444 1596 1626 1643 publicam
1648 1596 1876 1645 transsumpti
1895 1598 1966 1633 for-

387 1685 485 1708 mam
514 1670 635 1718 redigi
668 1667 922 1704 mandauimus
955 1672 991 1702 et
1026 1666 1179 1702 fecimus
1216 1664 1381 1699 volentes
1422 1670 1458 1700 et
1489 1665 1708 1701 auetoritate
1740 1666 1834 1702 dide
1866 1667 1967 1702 curie

367 1743 631 1782 “decernentes
658 1737 756 1785 quod
785 1735 945 1785 presenti
973 1735 1097 1770 nostro
1125 1733 1351 1780 transumpto
1378 1732 1526 1780 publico
1552 1733 1701 1769 decreto
1724 1734 1875 1771 inantea
1893 1742 1967 1771 tam

390 1811 429 1846 in
447 1808 584 1845 iudicio
605 1819 712 1854 quam
733 1810 837 1841 extra
856 1804 1064 1850 vbicunque
1089 1803 1255 1838 locorum
1281 1802 1395 1837 stetur
1413 1801 1541 1848 illique
1567 1802 1675 1838 detur
1695 1809 1731 1839 et
1749 1803 1967 1840 adhibeatur

392 1878 475 1915 talis
494 1883 530 1913 et
549 1881 652 1912 tanta
668 1875 759 1910 fides
779 1872 896 1920 qualis
915 1877 951 1907 et
970 1876 1109 1919 quanta
1134 1870 1230 1906 dieto
1253 1870 1450 1919 principali
1477 1870 1630 1917 registro
1656 1871 1809 1907 inferius
1832 1872 1968 1908 inserto

394 1954 430 1983 et
449 1959 529 1983 cum
555 1943 715 1993 presenti
742 1940 982 1988 transsumpto
1010 1939 1252 1975 collacionato
1278 1945 1314 1974 et
1341 1938 1501 1974 asculato
1529 1936 1764 1988 [auscultato]
1790 1940 1876 1977 data
1900 1941 1968 1976 fuit

395 2023 431 2052 et
450 2014 614 2052 adhibita
631 2013 810 2059 deturque
836 2016 872 2046 et
899 2010 1116 2046 adhibeatur
1138 2009 1200 2044 seu
1226 2009 1376 2043 daretur
1395 2012 1431 2043 et
1455 2007 1693 2043 adhiberetur
1711 2008 1736 2044 fi
1754 2008 1789 2043 in
1808 2009 1968 2045 medium

397 2084 598 2121 exhibitum
626 2082 736 2118 fuerit
763 2086 826 2116 aut
853 2078 1033 2115 ostensum
1053 2100 1060 2107 ·
1080 2077 1301 2113 Huiusmodi
1328 2089 1415 2112 vero
1442 2076 1587 2123 registri
1612 2082 1718 2112 tenor
1737 2077 1782 2112 de
1802 2078 1913 2113 verbo
1932 2078 1969 2113 in

401 2153 549 2188 verbum
568 2151 721 2187 inferius
739 2149 902 2197 sequitur
921 2169 927 2175 -
949 2147 1092 2190 Quibus
1111 2145 1280 2182 omnibus
1299 2151 1335 2180 et
1355 2144 1501 2192 singulis
1529 2151 1703 2192 tanquam
1721 2145 1791 2180 rite
1811 2152 1847 2181 et
1865 2146 1971 2193 legit—

399 2222 486 2257 time
501 2220 605 2256 fafitis
623 2219 877 2255 austeritatem
894 2223 930 2253 et
949 2217 1139 2252 decretum
1157 2215 1253 2250 diete
1271 2213 1371 2249 curie
1390 2219 1499 2260 atque
1517 2213 1678 2248 nostram
1697 2213 1850 2261 desuper
1868 2214 1970 2249 duxi-

401 2301 480 2323 mus
505 2287 810 2334 interponendam
841 2292 877 2321 et
902 2283 1184 2331 interposuimus
1214 2287 1324 2330 prout
1354 2281 1621 2328 interponimus
1649 2281 1877 2328 presencium
1906 2295 1972 2329 per

403 2364 567 2392 tenorem
586 2376 593 2382 ·
612 2355 657 2391 In
684 2367 839 2402 quorum
868 2353 1030 2389 omnium
1054 2358 1091 2389 et
1117 2351 1341 2399 singulorum
1367 2350 1476 2385 fidem
1502 2356 1538 2385 et
1561 2350 1805 2385 testimonium
1823 2351 1973 2398 premis-

405 2423 524 2458 sorum
548 2423 614 2458 has
642 2423 826 2470 presentes
852 2421 994 2456 litteras
1024 2419 1165 2456 nostras
1196 2418 1270 2455 fiue
1300 2418 1448 2466 presens
1474 2417 1661 2465 publicum
1691 2419 1971 2455 instrumentum
