2147 2964
495 295 708 333 SANCTE
737 296 1056 334 TRINITATIS
1084 297 1155 333 DE
1183 298 1518 336 EDINBURGH.
1744 304 1791 340 89

213 392 489 441 transsumptum
509 395 714 431 huiusmodi
738 396 775 430 in
796 396 829 430 se
849 397 1080 432 continentes
1100 398 1171 433 siue
1191 398 1383 434 continens
1402 399 1479 434 fieri
1500 400 1652 435 fecimus
1670 405 1706 435 et
1723 412 1788 448 per

212 461 394 497 notarium
413 463 597 510 publicum
618 464 856 511 subscriptum
876 464 1048 500 subscribi
1073 471 1109 500 et
1127 466 1308 513 publicari
1332 467 1587 503 mandauimus
1607 468 1787 516 sigillique

212 529 319 564 officii
335 530 547 566 officialatus
567 531 740 566 antedicti
761 530 921 566 iuffimus
937 538 972 567 et
987 532 1139 567 fecimus
1155 534 1372 580 appensione
1388 536 1605 571 communiri
1625 558 1631 564 ·
1648 536 1786 572 Datum

212 605 248 634 et
275 600 395 634 a&um
423 598 518 633 infra
546 598 734 634 ecclesiam
762 598 993 645 collegiatam
1014 599 1120 635 Beati
1148 600 1272 647 Egidii
1301 603 1346 637 de
1366 603 1584 651 Edinburgh
1604 605 1685 640 loco
1703 618 1787 640 con-

212 666 376 701 sistoriali
404 666 563 701 eiusdem
587 665 691 700 solito
719 671 755 701 et
783 666 954 701 consueto
981 666 1073 702 hora
1099 669 1289 704 vndeeima
1316 676 1400 706 ante
1427 672 1624 707 inerediem
1645 673 1787 708 decimo

210 735 308 769 sexto
327 734 387 769 die
406 733 535 768 mensis
551 733 711 780 Augusti
730 746 827 768 anno
841 733 994 769 Domini
1013 735 1201 771 millelimo
1222 738 1511 785 quingentesimo
1529 741 1670 776 decimo
1689 742 1787 777 sexto

209 802 416 838 indiccione
445 807 574 849 quarta
602 801 837 849 pontificatus
866 802 1069 838 sanc-tiffimi
1097 805 1134 840 in
1158 805 1304 841 Christo
1325 808 1438 854 patris
1463 814 1499 843 et
1516 810 1654 844 domini
1674 810 1788 845 nostri

208 871 349 907 domini
376 870 510 906 Leonis
543 870 670 906 diuina
695 870 936 918 prouidencia
966 884 1058 920 pape
1085 873 1219 909 decimi
1250 887 1346 910 anno
1374 882 1505 923 quarto
1531 897 1537 904 -
1562 879 1788 925 presentibus

208 939 343 976 ibidem
361 939 631 975 venerabilibus
651 945 686 974 et
706 939 870 974 discretis
890 939 978 975 viris
998 941 1179 988 magistris
1199 948 1235 979 et
1260 944 1419 980 dominis
1440 945 1607 982 Henrico
1635 947 1788 995 Spittale

210 1009 373 1045 Roberto
401 1007 581 1045 Galbrath
610 1007 752 1044 Jacobo
773 1007 923 1043 Hunter
951 1008 1113 1046 Ricardo
1144 1010 1226 1047 Cok
1255 1012 1422 1049 Hem-ico
1442 1015 1590 1051 Lauder
1614 1016 1788 1053 Johanne

208 1078 376 1114 Lethane
395 1077 567 1113 Johanne
599 1076 792 1113 Pennicuk
811 1077 954 1113 Jacobo
974 1077 1099 1114 Foulis
1129 1079 1292 1117 Roberto
1311 1082 1430 1118 Elleni
1458 1083 1601 1120 Jacobo
1631 1085 1786 1136 Murray

209 1146 398 1182 willelmo
427 1146 604 1182 Blakstok
643 1146 850 1183 Cuthberto
886 1146 1098 1183 Thomsoun
1136 1149 1283 1185 domino
1320 1151 1354 1186 T
1358 1151 1466 1188 homa
1501 1153 1665 1190 Maxvell
1696 1155 1787 1191 Wil-

209 1215 318 1251 lelmo
337 1214 417 1251 Dik
439 1215 603 1251 Roberto
623 1215 825 1251 Lermouth
846 1221 882 1251 et
902 1215 1048 1251 Thema
1066 1216 1192 1253 Foulis
1217 1220 1372 1255 notariis
1390 1221 1546 1268 publicis
1566 1235 1647 1258 cum
1668 1224 1786 1261 diuer-

211 1283 253 1319 sis
273 1283 354 1319 aliis
374 1283 525 1319 testibus
544 1284 591 1319 ad
610 1282 779 1331 premissa
798 1284 937 1319 vocatis
955 1285 1093 1332 pariter
1112 1292 1147 1322 et
1166 1288 1318 1335 rogatis.

662 1350 857 1399 [Sequitur
875 1353 1139 1400 transumptum
1161 1355 1333 1403 registra]

312 1420 360 1455 Et
379 1431 447 1467 ego
464 1418 649 1465 Georgius
664 1418 838 1454 Neutone
856 1419 1045 1467 presbyter
1062 1419 1296 1468 Glasguenfis
1313 1423 1465 1460 diocesis
1484 1427 1650 1473 publicus
1665 1434 1785 1466 aucto-

360 1487 529 1523 ritatibus
542 1486 723 1533 imperiali
738 1492 774 1521 et
788 1487 904 1533 regali
919 1487 1084 1523 notarius
1099 1501 1142 1523 ac
1158 1489 1266 1536 ipsius
1281 1491 1420 1528 domini
1434 1495 1596 1531 officialis
1612 1502 1647 1532 et
1661 1510 1782 1534 coram

358 1568 401 1590 eo
420 1554 538 1590 scriba
557 1554 644 1600 quia
663 1553 851 1589 literarum
872 1554 1123 1591 citatoriarum
1143 1558 1425 1604 reproduceioni
1447 1568 1482 1596 et
1501 1562 1637 1600 lecture
1657 1567 1782 1602 citato-

358 1635 439 1659 rum
459 1623 495 1658 in
515 1623 649 1658 eisdem
671 1622 862 1658 vocacioni
882 1629 918 1658 et
937 1636 1010 1658 non
1031 1626 1327 1672 compareneium
1348 1631 1660 1668 contumaciarum
1678 1648 1782 1670 accu-

357 1692 493 1729 sacioni
513 1705 556 1727 ac
574 1692 822 1739 predictarum
842 1698 1024 1727 cartarum
1052 1693 1350 1741 transsumpcioni
1376 1709 1419 1732 ac
1438 1699 1632 1736 tradicioni
1660 1715 1782 1752 recep-

360 1761 459 1796 cioni
474 1760 710 1796 ascultacioni
726 1760 994 1796 examinacioni
1010 1767 1046 1796 et
1061 1763 1260 1798 earundem
1276 1776 1355 1799 euin
1371 1766 1529 1812 presenti
1547 1769 1808 1820 transsumpto&

359 1828 556 1865 collacioni
575 1834 611 1864 et
636 1828 805 1877 prelibati
824 1828 962 1864 domini
991 1829 1219 1866 commissarii
1236 1831 1374 1868 decreti
1397 1833 1669 1882 interpofieioni
1687 1847 1781 1876 cete-

359 1897 477 1945 risque
496 1896 672 1944 premiffis
689 1896 856 1932 omnibus
876 1903 911 1932 et
931 1897 1079 1944 fingulis
1099 1899 1183 1934 dum
1205 1898 1251 1934 fic
1271 1906 1310 1935 ut
1328 1902 1552 1947 premittitur
1570 1905 1781 1945 dicerentur

357 1970 556 2012 agerentur
583 1970 619 2000 et
645 1964 768 1999 fierint
795 1977 950 2000 vnaeum
982 1967 1245 2013 prenominatis
1277 1969 1426 2004 testibus
1454 1972 1601 2018 presens
1633 1974 1781 2012 interfui

360 2046 476 2081 eaque
506 2033 630 2068 omnia
659 2038 695 2068 et
722 2032 863 2082 singula
890 2033 937 2069 fic
964 2034 1043 2069 fieri
1072 2041 1107 2070 et
1126 2035 1199 2071 dici
1220 2036 1294 2071 vidi
1319 2043 1355 2073 et
1379 2039 1503 2075 audiui
1531 2054 1574 2077 ac
1601 2042 1636 2078 in
1656 2050 1779 2081 notam

358 2102 480 2149 recepi
515 2102 672 2149 ideoque
708 2101 777 2137 hoc
812 2102 958 2149 presens
994 2102 1180 2148 publicum
1216 2103 1495 2142 instrumentum
1531 2121 1597 2156 per
1631 2113 1778 2149 modum

360 2169 586 2218 tranffumpti
611 2169 815 2205 confestum
843 2182 952 2204 manu
981 2170 1101 2205 aliena
1126 2171 1299 2218 scriptum
1327 2172 1513 2222 subscripsi
1542 2176 1715 2226 lignoque
1743 2188 1779 2217 et

360 2239 508 2274 nomine
539 2238 630 2273 meis
659 2237 773 2274 solitis
805 2243 841 2272 et
874 2238 1053 2273 consuetis
1086 2251 1240 2274 vnacum
1278 2241 1493 2288 appensione
1530 2243 1635 2292 sigilli
1671 2249 1777 2285 officii

357 2306 572 2342 officialatus
599 2305 771 2342 antediffi
800 2305 939 2353 fignaui
966 2312 1115 2353 rogatus
1144 2314 1179 2342 et
1206 2308 1397 2355 requisitus
1425 2310 1459 2345 in
1488 2311 1595 2348 fidem
1623 2322 1659 2350 et
1683 2317 1777 2352 testi-

360 2375 523 2411 monium
542 2375 703 2410 omnium
723 2381 758 2410 et
778 2373 999 2421 singulorum
1018 2374 1278 2423 premissorum.

1297 2446 1500 2484 Gssonoms
1522 2448 1725 2489 NEUTONE.

981 2524 1006 2545 M
