2147 2964
210 736 270 771 46.

216 1755 274 1792 47.

327 298 374 330 40
790 293 1106 331 REGISTRUM
1135 292 1441 330 CARTARUM

327 394 446 430 Pareo
478 391 674 441 Radulpho
706 393 751 429 de
784 393 945 429 Hauden
977 393 1154 429 militibus
1186 393 1384 430 Nicholaio
1416 394 1462 429 de
1495 393 1716 441 Benathyne
1741 391 1906 428 Waltcro

331 462 418 500 Scot
437 468 473 499 et
492 462 583 498 aliis.

329 612 443 649 Carta
461 609 720 659 resignacionis
740 610 884 646 Thome
904 611 949 646 de
968 610 1171 646 Ercildoun
1190 611 1236 647 de
1255 610 1363 647 terris
1383 611 1454 646 suis
1474 610 1645 646 eiusdem.

327 718 523 772 Omnibus
554 732 620 767 has
650 731 776 767 literas
808 731 936 767 visuris
966 731 1024 767 vel
1053 731 1233 767 audituris
1253 732 1415 767 Thomas
1444 732 1489 767 de
1517 731 1719 768 Ercildoun
1749 732 1845 769 filius
1873 740 1908 768 et

327 802 432 838 heres
465 801 608 836 Thome
641 800 808 849 Rymour
840 800 884 835 de
918 800 1120 836 Ercildoun
1150 800 1299 836 salutem
1332 801 1369 835 in
1402 800 1566 836 Domino
1590 822 1597 829 ·
1623 800 1816 837 Noueritis
1847 814 1906 837 me

328 885 394 919 per
412 870 544 906 fustum
565 876 601 906 et
619 869 790 905 baculum
809 869 846 904 in
866 869 976 916 pleno
1004 869 1141 905 iudicio
1168 869 1362 917 resignasse
1390 882 1432 905 ac
1458 883 1522 916 per
1540 870 1727 917 presentes
1747 870 1909 917 quietam

328 938 494 976 clamasse
521 952 589 987 pro
612 951 670 973 me
700 943 737 973 et
767 938 965 973 heredibus
997 937 1086 973 meis
1113 938 1287 985 magistro
1316 939 1444 973 domus
1478 938 1609 974 Sanffte
1636 938 1832 975 Trinitatis
1864 940 1909 975 de

329 1008 448 1044 Soltre
468 1013 504 1043 et
522 1007 695 1043 fratribus
724 1007 882 1042 eiusdem
903 1007 1030 1042 domus
1058 1012 1172 1042 totam
1200 1011 1336 1042 terram
1365 1020 1481 1043 meam
1510 1020 1591 1043 cum
1613 1008 1781 1044 omnibus
1800 1009 1909 1056 perti—

328 1076 467 1112 nenciis
487 1075 556 1111 suis
576 1088 684 1123 quam
704 1075 742 1110 in
761 1080 972 1111 tenemento
994 1075 1039 1110 de
1059 1075 1263 1112 Ercildoun
1289 1076 1514 1112 hereditarie
1534 1077 1636 1113 tenui
1654 1076 1909 1113 renunciando

329 1146 374 1181 de
394 1151 516 1181 cetero
535 1157 601 1192 pro
620 1157 677 1179 me
697 1149 733 1180 et
759 1144 956 1179 heredibus
984 1144 1073 1179 meis
1097 1146 1193 1180 omni
1221 1145 1292 1180 iuri
1321 1152 1357 1181 et
1383 1146 1522 1181 clameo
1551 1159 1621 1193 que
1641 1159 1708 1193 ego
1728 1147 1789 1181 seu
1809 1155 1909 1181 ante-

330 1213 482 1250 cessores
507 1213 579 1248 mei
603 1212 642 1247 in
667 1213 795 1248 eadem
824 1219 924 1248 terra
951 1212 1074 1259 aliquo
1100 1218 1265 1260 tempore
1293 1214 1337 1249 (le
1363 1214 1541 1261 preterito
1558 1214 1752 1249 habuimus
1773 1214 1845 1250 siue
1865 1215 1910 1250 de

329 1284 452 1318 futuro
470 1281 605 1316 habere
624 1280 825 1328 poterimus
844 1300 851 1307 ·
870 1279 914 1315 In
936 1281 1038 1315 cuius
1066 1281 1120 1316 rei
1146 1281 1393 1317 testimonium
1419 1282 1649 1329 presentibus
1673 1283 1790 1318 literis
1818 1283 1911 1331 sigil-

329 1353 403 1387 lum
423 1363 543 1386 meum
562 1349 713 1396 apposui
732 1369 740 1376 ·
760 1348 860 1384 Data
888 1349 987 1396 apud
1012 1348 1217 1385 Ercildoun
1247 1350 1306 1385 die
1332 1350 1466 1385 Martis
1493 1351 1661 1398 proximo
1685 1351 1764 1399 post
1781 1351 1910 1387 festum

329 1422 532 1456 sanfflmrum
562 1417 806 1465 apostolorum
837 1417 1009 1466 Symonis
1038 1424 1073 1454 et
1092 1417 1191 1454 Jude
1217 1432 1315 1454 anno
1334 1419 1487 1455 Domini
1515 1419 1705 1455 millesimo
1725 1424 1780 1455 cc⁰
1798 1433 1911 1455 nono-

330 1490 464 1538 gesimo
485 1494 624 1536 quarto.

333 1639 446 1674 Carta
464 1637 648 1673 Johannis
667 1637 711 1672 de
730 1636 940 1684 Jonystoun
961 1637 1005 1671 de
1024 1635 1275 1684 resignacione
1294 1642 1476 1672 terrarum
1496 1637 1542 1672 de
1560 1636 1783 1686 Jonystoun.

335 1741 532 1796 ()mnibus
557 1758 623 1793 has
651 1757 777 1793 literas
796 1756 925 1792 visuris
946 1756 1004 1791 vel
1025 1756 1205 1792 audituris
1223 1757 1248 1793 J
1251 1757 1415 1793 ohannes
1433 1758 1479 1793 de
1496 1757 1706 1805 Jonystoun
1726 1759 1910 1805 quondam

332 1829 425 1865 filius
445 1828 617 1876 Hugonis
645 1828 690 1862 de
709 1825 917 1874 Jonystoun
947 1831 1111 1862 eternam
1139 1826 1178 1861 in
1200 1825 1363 1861 Domino
1390 1826 1541 1862 salutem
1561 1845 1568 1852 ·
1587 1826 1746 1862 Nouerit
1765 1827 1910 1863 vniuer-

332 1899 415 1934 sitas
431 1898 552 1933 vestra
571 1910 628 1932 me
647 1908 713 1944 pro
728 1908 786 1931 me
806 1900 842 1930 et
860 1895 1058 1930 heredibus
1076 1895 1167 1930 meis
1187 1894 1463 1942 quibuscunque
1482 1893 1674 1943 resignasse
1693 1907 1737 1930 ac
1751 1895 1910 1942 quietam

334 1965 500 2002 clamasse
529 1970 644 2001 totam
676 1970 812 1999 terram
844 1976 962 1998 meam
992 1963 1036 1998 de
1065 1963 1090 1999 J
1095 1964 1277 2012 onystoun
1308 1976 1390 1999 cum
1423 1963 1590 1999 omnibus
1617 1963 1848 1999 libertatibus
1875 1971 1910 1999 et

335 2034 567 2084 aysiamentis
603 2033 651 2069 ad
684 2032 817 2067 did-tam
853 2037 988 2067 terram
1024 2031 1178 2067 interius
1214 2037 1250 2067 et
1282 2032 1442 2067 exterius
1474 2032 1715 2080 spe&antibus
1747 2031 1911 2068 Roberto

335 2102 554 2139 Marescallo
577 2100 725 2137 domino
751 2100 796 2135 de
816 2098 917 2135 Keth
943 2099 1140 2135 secundum
1168 2101 1439 2136 conuenciones
1466 2100 1614 2148 scriptas
1641 2106 1677 2136 et
1696 2100 1911 2148 compositas

336 2178 372 2207 ct
397 2171 521 2219 sigillis
549 2168 743 2206 autenticis
771 2167 928 2214 signatas
955 2167 1052 2203 inter
1070 2168 1283 2216 magistrum
1309 2175 1345 2204 et
1363 2169 1495 2204 fratres
1514 2169 1642 2204 domus
1661 2169 1706 2204 de
1728 2167 1848 2205 Soltre
1867 2182 1910 2205 ex

337 2252 409 2274 vna
425 2245 528 2287 parte
557 2244 593 2274 et
612 2251 668 2273 me
688 2249 732 2272 ex
758 2237 874 2272 altera
900 2249 965 2284 per
983 2236 1178 2272 licenciam
1201 2237 1288 2272 dieti
1306 2237 1461 2272 Roberti
1480 2236 1689 2272 Marescalli
1708 2237 1847 2272 domini
1866 2238 1911 2274 de

338 2307 438 2342 Keth
465 2308 511 2342 ad
535 2305 811 2354 promocionem
842 2309 878 2339 et
905 2303 1100 2340 vtilitatem
1125 2304 1218 2340 diae
1243 2305 1372 2340 domus
1391 2305 1436 2340 de
1459 2303 1579 2341 Soltre
1598 2305 1703 2351 super
1722 2306 1911 2341 excambio

339 2375 433 2410 fatto
459 2381 556 2411 terre
583 2376 628 2410 de
650 2374 861 2423 Qwhythop
888 2386 997 2422 quam
1016 2373 1104 2408 dieti
1130 2371 1303 2419 magister
1331 2377 1366 2407 et
1394 2372 1524 2407 fratres
1543 2377 1740 2408 tenuerunt
1759 2378 1795 2408 et
1813 2378 1911 2408 terre

341 2443 524 2489 quondam
542 2455 621 2478 mee
641 2443 685 2478 de
704 2442 729 2478 J
732 2442 912 2490 onystoun
932 2441 1023 2477 1111111
1050 2441 1140 2476 iuris
1164 2440 1202 2476 in
1222 2441 1319 2476 <naa
1337 2447 1436 2477 terra
1454 2441 1498 2475 de
1517 2440 1542 2476 J
1546 2439 1725 2489 onystoun
1745 2440 1834 2476 mihi
1854 2442 1911 2477 vel
