2147 2964
827 315 1171 354 CREYCHTON.
1721 331 1787 354 cxv

216 416 322 445 nostra
336 413 488 455 approbes
503 414 620 455 pariter
635 418 667 445 et
681 414 846 446 confirmes
867 415 1040 456 supplendo
1064 426 1171 448 omnes
1193 419 1226 447 et
1249 414 1389 457 singulos
1409 415 1547 447 defectus
1562 416 1588 447 si
1604 416 1658 458 qui
1682 416 1784 449 forsan

215 468 440 500 intervenerint
462 469 494 500 in
517 469 634 500 eisdem
657 469 729 500 Non
753 469 952 501 obstantibus
975 470 1251 502 constitutionibus
1273 472 1304 502 et
1327 470 1576 503 ordinationibus
1597 471 1787 513 Apostolicis

216 533 335 556 necnon
365 524 446 556 dicte
476 523 647 565 Collegiate
671 524 798 556 ecclesie
822 525 1004 566 juramento
1034 525 1271 557 confirmatione
1298 526 1479 566 Apostolica
1509 526 1556 557 vel
1586 537 1785 568 quacumque

215 578 365 610 firmitate
390 578 453 610 alia
482 579 634 610 roboratis
663 579 792 612 statutis
821 582 853 611 et
882 579 1161 612 consuctudinibus
1190 580 1352 611 contrariis
1379 580 1629 622 quibuscumque
1663 581 1784 613 Datum

215 633 314 664 Rome
329 633 413 674 apud
437 633 589 664 Sanctum
605 633 737 665 Petrum
760 645 843 666 anno
860 633 990 666 Domini
1012 634 1179 666 millesimo
1197 634 1509 676 quadringentesimo
1523 635 1784 678 quinquagesimo

215 687 377 719 Kalendas
392 687 414 719 J
417 688 483 719 unii
499 688 595 720 Anno
610 692 731 730 quarto.

298 797 458 829 CAmsrus
474 807 520 830 111.
538 798 776 830 mic—Dilecto
790 797 857 830 filio
872 798 992 830 Jacobo
1008 798 1166 830 Borthwic
1190 799 1367 840 presbytero
1389 799 1497 831 Sancti
1513 800 1639 832 Andree
1654 801 1784 834 diocesis

212 852 379 884 bacallario
394 853 426 884 in
443 852 573 885 decretis
589 853 732 885 Salutem
747 857 803 886 etc.

297 908 455 940 Nobilitas
469 908 591 950 generis
606 909 767 940 literarum
783 909 915 940 scientia
930 909 1004 941 vitae
1026 919 1063 940 ac
1085 919 1209 940 morum
1226 909 1372 941 honestas
1387 909 1511 952 aliaque
1527 910 1698 942 laudabilia
1714 922 1782 952 pro-

212 963 319 995 bitatis
333 966 365 994 et
380 963 535 995 virtutum
551 964 663 995 merita
686 975 779 1006 super
794 964 909 1006 quibus
933 964 1017 1006 apud
1041 975 1097 995 nos
1113 964 1271 1006 fidedigno
1287 966 1517 998 commendaris
1532 966 1712 998 testimonio
1728 978 1784 999 nos

211 1018 367 1050 inducunt
391 1023 427 1050 ut
453 1022 484 1051 te
510 1019 697 1060 specialibus
718 1019 878 1051 favoribus
898 1023 930 1051 et
952 1019 1062 1060 gratiis
1084 1030 1312 1061 prosequamur
1335 1020 1445 1062 Nuper
1468 1020 1623 1062 siquidem
1649 1032 1705 1063 per
1727 1032 1783 1053 nos

210 1078 336 1116 accepto
352 1074 434 1116 quod
451 1074 653 1116 parrochialis
675 1074 804 1107 ecclesia
826 1075 864 1107 de
887 1074 1137 1116 Lochqworwart
1160 1075 1267 1107 Sancti
1290 1075 1416 1107 Andree
1437 1075 1566 1108 diocesis
1588 1087 1627 1108 ex
1648 1088 1684 1109 eo
1699 1077 1782 1118 qnod

210 1129 343 1161 dilectus
361 1130 445 1161 filius
461 1130 574 1162 Petrus
589 1130 628 1162 de
643 1130 841 1163 Grechtoune
856 1130 931 1163 olim
956 1130 1044 1162 illam
1067 1135 1144 1163 tunc
1160 1131 1305 1163 obtinens
1325 1132 1551 1174 parrochialem
1566 1132 1729 1164 ecclesiam
1744 1133 1783 1164 de

212 1185 356 1217 Rumiull
374 1185 525 1227 [Mailuill
539 1185 569 1227 Ρ]
585 1186 726 1228 ejusdem
739 1186 868 1218 diocesis
893 1189 970 1218 tunc
987 1189 1070 1218 certo
1085 1186 1179 1218 modo
1195 1191 1357 1219 vacantem
1374 1190 1406 1218 et
1421 1187 1608 1220 auctoritate
1623 1187 1782 1220 ordinaria

209 1241 269 1273 sibi
285 1241 432 1273 collatam
448 1241 597 1273 extiterat
612 1241 740 1283 pacifice
757 1245 915 1274 assecutus
932 1245 1096 1273 vacaverat
1112 1246 1143 1273 et
1155 1242 1287 1274 vacabat
1302 1245 1378 1274 tunc
1395 1253 1450 1274 nos
1465 1243 1504 1274 de
1519 1242 1574 1274 illa
1590 1242 1654 1274 sive
1666 1248 1702 1274 ut
1714 1254 1783 1284 pre-

210 1296 350 1328 mittitur
365 1296 423 1328 sivi
438 1296 515 1328 alias
530 1297 640 1338 quovis
663 1297 755 1328 modo
776 1299 901 1329 vacaret
925 1297 1097 1328 dummodo
1119 1299 1196 1329 tunc
1219 1308 1280 1329 non
1298 1301 1377 1329 esset-
1397 1297 1428 1329 in
1446 1309 1483 1329 ea
1497 1297 1592 1329 alicui
1608 1297 1783 1339 specialiter

207 1352 261 1393 jus
276 1352 434 1393 quesitum
450 1363 504 1393 per
519 1352 597 1383 alias
613 1355 732 1383 nostras
751 1352 856 1383 literas
872 1351 930 1383 tibi
954 1351 1109 1393 provideri
1134 1352 1355 1384 mandavimus
1376 1352 1468 1384 certis
1491 1353 1550 1384 tibi
1565 1353 1782 1386 executoribus

211 1407 371 1448 deputatis
386 1412 479 1448 prout
495 1407 527 1438 in
544 1407 606 1439 illis
621 1407 661 1439 ad
673 1418 807 1448 quarum
823 1407 1041 1438 executionem
1058 1407 1197 1438 nondum
1214 1418 1392 1449 processum
1408 1408 1469 1439 fuit
1480 1412 1511 1439 et
1523 1407 1555 1439 in
1569 1409 1683 1449 quibus
1698 1409 1781 1450 quod

211 1463 331 1494 fructus
347 1462 487 1494 redditus
501 1466 670 1504 proventus
685 1462 767 1494 dicte
791 1462 915 1494 ecclesie
937 1462 975 1494 de
991 1462 1241 1504 Lochqworwart
1264 1473 1375 1494 novem
1391 1463 1543 1494 librarum
1560 1463 1781 1505 sterlingorum

212 1517 384 1549 secundum
400 1528 601 1549 communem
625 1517 865 1549 extimationem
889 1517 1024 1549 valorem
1047 1528 1188 1548 annuum
1214 1529 1276 1549 non
1298 1518 1454 1550 excedunt
1474 1529 1654 1559 expressum
1675 1518 1782 1550 extitit

211 1572 335 1613 plenius
350 1572 529 1604 continetur
552 1572 634 1604 Cum
650 1576 756 1604 autem
774 1572 854 1604 sicut
877 1572 1018 1604 exhibita
1040 1572 1128 1604 nobis
1149 1583 1248 1614 nuper
1264 1583 1320 1614 pro
1343 1576 1430 1614 parte
1446 1576 1502 1604 tua
1517 1572 1627 1614 petitio
1642 1573 1782 1605 contine-

212 1627 266 1659 bat
288 1627 328 1659 ab
351 1627 510 1668 aliquibus
534 1630 690 1659 asseratur
716 1627 837 1659 fructus
860 1627 1000 1659 redditus
1027 1631 1058 1659 et
1082 1631 1250 1669 proventus
1277 1627 1457 1669 hujusmodi
1484 1627 1556 1669 plus
1581 1628 1683 1659 valere
1710 1628 1782 1660 licet

211 1693 316 1714 revera
332 1682 586 1724 vigintiquinque
602 1682 753 1714 librarum
768 1682 989 1724 sterlingorum
1005 1682 1157 1714 similium
1173 1683 1345 1714 secundum
1358 1683 1595 1715 extimationem
1608 1683 1780 1725 predictam

211 1737 347 1769 valorem
363 1748 506 1769 annuum
531 1748 593 1769 non
616 1738 769 1769 excedant
792 1748 828 1769 ac
843 1738 927 1779 quod
950 1737 1082 1768 dilectus
1103 1737 1187 1768 filins
1208 1737 1371 1769 «Iohannes
1389 1737 1427 1769 de
1448 1737 1623 1779 Lauwdyer
1644 1749 1782 1770 asserens

210 1804 242 1824 se
264 1793 303 1824 de
325 1792 423 1824 nobili
446 1804 558 1834 genere
580 1797 779 1834 procreatum
803 1792 868 1824 fore
894 1803 930 1824 ac
951 1792 1081 1834 quidam
1104 1792 1159 1823 alii
1174 1792 1278 1824 clerici
1294 1803 1326 1824 se
1340 1796 1482 1834 gerentes
1497 1803 1553 1834 pro
1568 1792 1781 1834 prebendariis

210 1847 402 1880 beneficiatis
424 1848 457 1879 in
474 1848 650 1889 Collegiata
673 1847 801 1880 ecclesia
827 1848 865 1879 de
888 1848 1043 1880 Crechton
1068 1847 1150 1879 dicte
1176 1847 1305 1879 diocesis
1331 1846 1419 1879 illam
1442 1851 1589 1889 pretextu
1615 1848 1778 1890 cujusdam

210 1903 335 1934 unionis
347 1903 476 1935 nulliter
485 1903 642 1935 ordinaria
653 1903 734 1935 facte
747 1907 779 1935 et
788 1903 969 1944 Apostolica
980 1903 1220 1935 auctoritatibus
1235 1903 1418 1935 confirmate
1430 1914 1484 1945 per
1495 1903 1736 1945 quadrigeuium
1749 1907 1779 1936 et

210 1957 293 1990 ultra
309 1958 529 2000 occupaverint
544 1962 576 1990 et
591 1958 784 1990 detinuerint
807 1962 900 2000 prout
918 1962 1072 2000 occupant
1094 1962 1126 1990 et
1149 1958 1291 1990 detinent
1307 1958 1345 1990 de
1360 1959 1497 2000 presenti
1512 1970 1567 2000 per
1582 1959 1778 1991 inadverten-

209 2014 288 2046 tiam
304 2014 422 2046 mentio
436 2014 520 2046 facta
535 2025 598 2046 non
613 2014 754 2046 extiterit
777 2014 842 2046 Nos
863 2025 902 2045 ne
924 2017 1086 2056 propterea
1102 2014 1190 2046 litere
1213 2014 1350 2055 predicte
1366 2014 1404 2046 de
1424 2014 1616 2056 surreptione
1632 2017 1780 2046 notentur

210 2073 307 2111 tuque
322 2069 450 2101 illarum
464 2069 621 2101 frustreris
636 2069 747 2101 effectu
762 2069 924 2110 providere
940 2074 1032 2111 teque
1047 2069 1102 2111 qui
1117 2071 1153 2101 ut
1167 2069 1277 2101 asseris
1292 2069 1331 2101 de
1346 2069 1444 2101 nobili
1459 2072 1490 2101 et
1501 2069 1656 2101 baronum
1668 2081 1780 2111 genere

209 2135 248 2156 ex
272 2129 403 2166 utroque
426 2127 552 2166 parente
574 2128 752 2166 procreatus
778 2123 886 2155 existis
909 2124 1133 2165 premissorum
1155 2124 1335 2156 meritorum
1361 2129 1488 2156 tuorum
1509 2125 1628 2157 intuitu
1643 2125 1778 2167 gratioso

210 2180 314 2211 favore
331 2179 473 2221 prosequi
489 2179 707 2221 dictorumque
728 2179 863 2210 aliorum
885 2179 1066 2211 clericorum
1088 2179 1218 2211 nomina
1240 2183 1271 2211 et
1292 2179 1480 2221 cognomina
1502 2180 1698 2221 presentibus
1721 2191 1777 2222 pro

210 2234 400 2267 sufficienter
413 2235 566 2276 expressis
581 2234 689 2266 haberi
705 2235 840 2266 volentes
856 2235 919 2266 tuis
942 2235 974 2266 in
998 2235 1056 2266 hac
1077 2238 1164 2276 parte
1179 2234 1460 2276 supplicationibus
1475 2235 1617 2267 inclinati
1632 2235 1777 2268 volumus

210 2292 242 2321 et
253 2290 434 2331 Apostolica
449 2290 506 2322 tibi
522 2290 709 2322 auctoritate
724 2289 922 2322 concedimus
937 2290 1021 2331 quod
1037 2289 1124 2321 litere
1139 2290 1257 2331 prefate
1272 2289 1313 2322 ad
1329 2289 1435 2321 datam
1449 2290 1640 2332 presentium
1653 2291 1778 2323 valeant

211 2344 397 2386 plenamque
423 2345 540 2377 roboris
566 2345 750 2377 firmitatem
780 2345 942 2377 obtineant
970 2344 1109 2386 dictique
1138 2347 1318 2376 executores
1343 2344 1383 2376 ad
1409 2344 1535 2376 illarum
1561 2345 1776 2377 executionem

212 2399 374 2439 procedere
398 2400 516 2441 possint
532 2404 564 2432 et
584 2401 718 2432 debeant
744 2400 873 2442 perinde
901 2400 935 2431 in
965 2399 1111 2431 omnibus
1137 2402 1168 2430 et
1191 2409 1245 2440 per
1267 2399 1373 2431 omnia
1391 2410 1427 2431 ac
1447 2399 1474 2431 si
1496 2399 1529 2433 in
1553 2400 1643 2432 dictis
1664 2400 1776 2434 litteris

211 2453 294 2494 quod
319 2454 441 2487 fructus
467 2455 607 2487 redditus
635 2459 667 2488 et
692 2459 860 2498 proventus
890 2454 1144 2497 vigintiquinque
1173 2454 1324 2486 librarum
1353 2455 1576 2497 sterlingorum
1601 2455 1774 2489 secundum
