2147 2964
356 263 361 281 Χ
825 270 896 306 DE
924 270 1238 307 RESTALRIG.
1744 277 1816 310 285

244 373 364 403 torum
385 368 422 403 in
440 367 534 403 Vico
552 367 823 404 canonicorum
843 381 957 416 prope
974 369 1190 418 Edinburgh
1210 375 1318 417 prout
1337 370 1375 406 in
1395 371 1595 406 euidenciis
1615 372 1813 408 eorundem

244 436 454 471 continetur
473 457 481 464 ·
501 448 644 472 necnon
674 449 800 471 omnes
828 437 1037 473 oblaciones
1069 438 1174 473 altari
1204 443 1239 473 et
1269 437 1432 485 reliquiis
1463 437 1596 474 Sancte
1623 439 1813 476 Triduane

244 503 354 539 factas
377 517 531 539 vnacum
557 516 702 540 camera
729 510 764 540 ct
788 510 868 540 orto
895 518 1009 552 prope
1037 506 1229 553 collegium
1250 527 1257 534 ·
1276 519 1343 553 pro
1371 506 1501 553 quibus
1529 507 1733 543 inferiorem
1762 507 1814 543 in-

243 571 355 606 sulam
375 571 458 606 diffi
477 571 621 619 collegii
643 577 679 607 et
706 571 821 606 altare
851 571 982 608 Sanffle
1002 573 1193 609 Triduane
1221 574 1310 609 inibi
1339 573 1506 610 fituatum
1535 575 1572 610 in
1592 577 1813 611 ornamentis

242 638 346 674 libris
365 639 538 674 calicibus
557 652 642 674 cera
660 639 767 674 ceriis
787 645 822 674 ct
842 639 920 674 aliis
948 640 1154 676 necessariis
1178 641 1214 675 in
1235 641 1332 675 omni
1350 641 1537 677 honestate
1556 643 1625 677 suis
1643 643 1813 690 impensis

243 706 455 742 sustentabit
480 712 516 742 et
542 707 793 742 manutenebit
811 727 818 734 ·
837 713 873 742 et
893 720 1005 743 onera
1032 708 1239 755 collegialia
1266 709 1390 744 subeat
1414 709 1476 744 sub
1494 710 1596 756 penis
1615 710 1652 745 in
1672 711 1813 747 statutis

244 774 358 809 cautis
386 786 455 820 que
476 774 592 809 eciam
613 774 745 809 statuta
771 774 1014 810 racionabilia
1037 774 1190 820 quilibet
1209 774 1255 808 ad
1281 774 1458 821 gremium
1480 775 1625 829 collegii
1645 784 1812 823 receptus

243 847 279 877 et
297 842 530 889 recipiendus
550 842 682 877 subibit
700 848 736 877 ct
759 842 952 877 obseruare
970 842 1077 877 fidem
1106 841 1214 877 faciet
1239 842 1381 888 eritque
1409 842 1445 876 in
1466 848 1575 878 cantu
1595 850 1630 879 et
1650 844 1812 881 discantu

241 909 379 958 peritus
407 915 446 945 ut
473 909 585 945 ceteri
615 910 849 957 prebendarii
879 909 1052 945 antediffi
1073 929 1080 936 ·
1099 909 1148 945 Et
1167 915 1206 945 ut
1228 909 1374 945 diuinus
1402 911 1519 946 cultus
1547 911 1583 946 in
1612 921 1813 950 memorata

242 977 393 1013 ecclesia
420 978 613 1025 collegiata
640 977 713 1013 fine
741 978 1017 1025 interrupcione
1046 978 1255 1013 continetur
1283 978 1449 1014 volumus
1477 985 1513 1014 et
1540 981 1750 1017 ordinamus
1774 990 1811 1018 ut

242 1046 401 1082 decanus
419 1059 486 1094 pro
506 1053 670 1094 tempore
695 1052 731 1082 et
749 1046 835 1082 dieti
863 1047 922 1081 sex
948 1046 1181 1093 prebendarii
1208 1047 1253 1081 de
1273 1046 1371 1095 Buyt
1397 1047 1527 1083 dietam
1556 1049 1747 1085 re&oriam
1767 1050 1811 1086 de

240 1114 342 1150 cuius
361 1115 537 1150 frthibus
555 1114 698 1150 fundati
717 1114 798 1150 sunt
817 1115 862 1150 ad
891 1114 1061 1149 maiorem
1084 1114 1244 1150 valorem
1271 1122 1307 1150 et
1335 1116 1527 1150 comodum
1550 1128 1621 1162 quo
1640 1124 1812 1164 poterunt

241 1181 452 1218 affedabunt
468 1182 527 1218 vel
545 1183 582 1217 in
602 1182 769 1218 manibus
796 1183 954 1230 propriis
981 1194 1045 1230 per
1064 1182 1190 1217 fideles
1217 1182 1339 1218 seruos
1366 1183 1626 1220 intromissores
1654 1185 1809 1221 eiusdem

241 1251 493 1297 capitulariter
520 1250 734 1286 constitutos
763 1256 938 1286 teneant·
959 1250 1012 1285 ita
1038 1257 1160 1285 tamen
1190 1250 1286 1296 quod
1322 1251 1482 1285 decanus
1512 1251 1536 1286 fi
1568 1252 1719 1289 firmarii
1749 1261 1811 1289 aut

241 1317 499 1354 intromiffores
544 1318 578 1353 in
617 1318 798 1354 solucione
834 1318 1015 1353 fructuum
1053 1318 1147 1353 diete
1183 1317 1337 1353 reeorie
1381 1318 1609 1366 negligentes
1645 1326 1680 1356 et
1715 1322 1810 1357 tardi

240 1387 377 1422 fuerint
407 1387 453 1422 ad
488 1392 645 1433 quatuor
677 1386 764 1421 anni
798 1386 972 1421 terminos
1004 1386 1176 1421 videlicet
1206 1386 1297 1421 festa
1330 1386 1543 1422 Sanssmrum
1580 1387 1740 1436 Philippi
1775 1397 1810 1425 et

239 1455 264 1490 J
268 1455 371 1491 acobi
393 1454 515 1491 Sanffi
543 1454 644 1490 Petri
672 1455 718 1490 ad
742 1454 889 1490 vincula
909 1453 1082 1489 Omnium
1104 1452 1319 1489 Sanctorum
1347 1460 1382 1490 et
1401 1454 1677 1491 Purificacionis
1697 1456 1809 1493 Beate

242 1523 409 1571 Virginis
427 1523 546 1558 Marie
567 1523 671 1558 dietis
690 1522 749 1558 sex
769 1522 1020 1570 prebendariis
1037 1522 1082 1556 de
1101 1521 1277 1557 fructibus
1295 1521 1388 1556 dieue
1406 1523 1560 1558 rectoria·
1579 1524 1810 1570 respondebit

241 1598 276 1627 ct
295 1592 515 1627 solucionem
534 1591 578 1626 de
598 1591 660 1626 sua
685 1591 793 1626 bursa
814 1590 923 1626 faciet
943 1595 978 1625 et
996 1590 1168 1625 summam
1196 1602 1260 1637 per
1279 1590 1434 1625 eundem
1454 1591 1632 1626 decanum
1653 1593 1709 1627 sex
1729 1606 1808 1640 pre-

241 1660 424 1695 bendariis
442 1660 654 1707 prescriptis
681 1659 728 1694 sic
756 1658 957 1694 cbursatam
986 1671 1008 1693 a
1033 1657 1201 1693 firmariis
1222 1658 1279 1693 vel
1305 1658 1604 1695 intromissoribus
1627 1660 1808 1697 fruetuum

242 1728 337 1763 (ἱίὅὶε
355 1728 509 1763 re6t01·ie
529 1740 637 1774 quam
663 1727 819 1775 primum
847 1727 982 1774 poterit
1001 1726 1138 1761 leuabit
1158 1746 1165 1754 ·
1185 1734 1221 1761 et
1240 1726 1308 1761 hoc
1332 1727 1526 1762 dummodo
1546 1728 1631 1762 dicti
1652 1728 1711 1764 sex
1730 1742 1809 1777 pre-

242 1796 409 1831 bendarii
445 1809 525 1831 cum
562 1794 735 1831 consensu
771 1795 858 1830 dieti
892 1793 1022 1830 decani
1053 1793 1298 1829 affedaciones
1332 1794 1426 1829 diae
1458 1795 1612 1830 re&orie
1639 1796 1808 1833 firmariis

243 1864 379 1899 saciant
406 1863 479 1899 fiue
508 1864 634 1899 fideles
665 1863 786 1898 seruos
817 1863 897 1898 suos
928 1861 1186 1897 intromissores
1213 1861 1371 1896 eiusdem
1399 1862 1650 1909 capitulariter
1679 1865 1808 1900 consti-

243 1938 348 1967 tuant
367 1953 374 1959 ·
396 1931 595 1967 Statuimus
622 1931 767 1978 insuper
786 1936 822 1966 ct
841 1930 1050 1965 ordinamus
1077 1931 1175 1977 quod
1200 1930 1355 1977 predieti
1382 1931 1614 1978 prebendarii
1642 1934 1808 1970 omnibus

243 2007 279 2036 et
304 2000 451 2047 singulis
480 1999 606 2035 diebus
636 1999 722 2034 anni
750 1998 944 2034 matutinas
975 2011 1143 2046 magnam
1175 1998 1308 2033 misiam
1339 1999 1503 2046 vesperas
1532 2001 1805 2048 completorium

244 2082 323 2104 cum
343 2074 432 2104 nota
451 2068 650 2103 cantabunt
676 2067 850 2115 pausatim
878 2072 913 2102 et
932 2066 1099 2101 distinete
1125 2067 1188 2101 sub
1207 2067 1310 2113 penis
1338 2067 1374 2101 in
1395 2068 1535 2103 statutis
1554 2069 1705 2118 desuper
1724 2084 1804 2107 con-

243 2136 407 2172 ficiendis
440 2135 668 2183 apponendis
695 2155 702 2162 ·
731 2134 934 2181 decanique
964 2147 1032 2181 pro
1062 2140 1224 2182 tempore
1254 2135 1429 2181 presentis
1459 2135 1739 2174 locumtenentis
1769 2140 1808 2175 in

244 2204 412 2240 absencia
430 2203 589 2239 ciusdem
608 2203 713 2250 super
731 2202 801 2237 hiis
820 2202 942 2237 debite
959 2202 1089 2237 fiendis
1117 2202 1361 2238 consciencias
1388 2209 1497 2250 prout
1515 2217 1636 2240 coram
1660 2205 1807 2243 Summo

243 2273 378 2309 Judice
406 2272 442 2307 in
471 2272 597 2307 vltima
623 2270 771 2306 racione
799 2270 988 2305 reddenda
1014 2270 1198 2305 voluerint
1228 2282 1420 2306 oneramus
1438 2291 1446 2299 ·
1467 2271 1666 2309 statuimus
1693 2276 1806 2312 eciam

245 2341 344 2388 quod
372 2352 497 2375 omnes
525 2338 760 2387 prebendarii
786 2337 976 2385 prescripti
1008 2338 1121 2373 creati
1151 2343 1187 2373 et
1213 2337 1374 2374 {imiliter
1400 2339 1632 2387 imposterum
1660 2345 1808 2380 creandi

246 2407 482 2444 refidenciam
513 2408 610 2455 apud
641 2406 772 2442 di&am
822 2404 1026 2454 ecclesiam]
1059 2405 1287 2454 collegiatam
1322 2406 1459 2442 faciant
1493 2409 1717 2456 personalem
1745 2425 1809 2459 per
