2147 2964
326 292 398 327 270
699 288 877 324 CARTE
905 288 970 324 EC
977 288 1157 325 CLESIE
1186 289 1530 326 COLLEGIATE

327 388 425 434 quod
449 388 670 434 presentatio
695 394 731 423 et
757 387 907 423 donatio
933 388 1018 422 dieti
1047 388 1281 435 prebendarii
1310 389 1413 424 nobis
1443 389 1598 425 durante
1618 389 1692 424 vita
1720 388 1844 423 nostra
1863 394 1898 423 et

328 455 490 490 admissio
518 456 676 491 eiusdem
696 456 741 491 de
767 456 922 503 persona
950 456 1148 491 secundum
1175 456 1426 493 fundationem
1456 463 1492 493 et
1517 457 1650 493 statuta
1675 457 1769 492 dieze
1792 456 1899 492 colle-

328 524 425 571 giate
442 523 591 559 ecclesie
611 523 826 559 sufficienter
846 523 1055 570 qualificata
1071 525 1117 560 ad
1134 524 1267 560 dissum
1285 526 1505 572 prepositum
1523 532 1559 562 et
1576 525 1775 572 capitulum
1793 524 1899 559 colle-

328 592 424 639 giate
444 592 592 627 ecclesie
610 592 772 639 predffite
792 592 941 627 omnino
964 592 1172 639 pertineant
1189 612 1196 620 ·
1214 598 1250 628 et
1267 593 1347 640 post
1370 594 1506 630 obitum
1534 593 1693 629 nostrum
1721 598 1900 639 quatenus

329 661 457 696 eleaio
477 666 512 696 et
531 660 752 708 presentatio
771 660 865 696 dieue
891 661 1078 707 prebende
1105 661 1244 696 tociens
1264 661 1437 708 quociens
1456 674 1588 697 vacare
1605 660 1802 708 contigerit
1820 672 1900 707 per-

329 729 447 775 petuis
475 729 607 763 futuris
634 728 857 775 temporibus
884 728 1066 775 preposito
1094 735 1129 764 et
1155 729 1313 776 capitulo
1341 730 1435 766 diste
1463 730 1656 777 collegiate
1683 727 1831 764 ecclesie
1855 728 1900 763 de

331 797 478 845 Campis
497 804 533 832 et
551 796 807 832 successoribus
835 797 1034 832 eorundem
1062 797 1124 843 qui
1150 809 1216 844 pro
1243 804 1405 845 tempore
1432 799 1568 834 fuerint
1593 804 1629 834 et
1648 796 1794 833 collatio
1811 796 1899 831 eius—

329 866 411 900 dem
428 866 474 900 ad
490 865 562 900 loci
581 865 806 900 ordinarium
823 877 890 912 pro
907 870 1070 912 tempore
1088 864 1300 901 existentem
1321 866 1469 901 omnino
1486 867 1644 915 spedare
1662 871 1697 901 et
1713 864 1899 912 pertinere

330 934 564 969 dinoscantur
579 954 586 961 ·
601 932 804 968 Tenebitur
821 939 942 968 autem
961 933 1078 968 dietus
1098 934 1361 980 prebendarius
1380 947 1460 970 cum
1480 934 1668 983 dispositus
1687 935 1797 970 fuerit
1813 948 1899 983 quo·

330 1003 418 1038 tidie
437 1001 605 1038 interesse
631 1002 670 1037 in
690 1002 785 1036 di8to
814 1002 926 1037 choro
948 1007 983 1037 et
1011 1001 1045 1036 in
1074 1001 1241 1037 omnibus
1270 1002 1432 1039 seruiciis
1459 1003 1616 1039 eiusdem
1635 1016 1677 1039 ac
1697 1004 1833 1041 missam
1853 1006 1899 1040 ad

330 1071 444 1106 altare
463 1070 646 1117 sepulture
665 1082 744 1104 mee
762 1070 820 1104 vbi
840 1081 972 1116 corpus
991 1081 1110 1104 meum
1130 1069 1168 1104 in
1183 1069 1278 1105 dista
1292 1070 1440 1106 ecclesia
1454 1071 1657 1117 requiescat
1672 1073 1875 1118 proximum
1891 1095 1897 1101 ·

330 1145 365 1173 et
384 1138 407 1172 si
429 1137 618 1185 contingat
637 1150 767 1185 corpus
787 1149 905 1172 meum
926 1136 1058 1172 ibidem
1078 1148 1151 1171 non
1170 1138 1398 1184 requiescere
1418 1138 1462 1173 ad
1482 1136 1658 1173 summum
1678 1139 1793 1175 altare
1812 1141 1899 1175 dieti

330 1205 472 1253 collegii
509 1205 695 1241 celebrare
731 1217 798 1252 pro
834 1204 1023 1239 animabus
1058 1204 1228 1250 prediais
1264 1205 1491 1240 exhortando
1526 1206 1699 1253 populum
1735 1213 1899 1254 tempore

328 1274 436 1320 primi
455 1273 625 1308 lauatorii
646 1279 684 1308 vt
703 1272 857 1319 quilibet
881 1271 980 1306 dicat
1002 1271 1112 1306 Pater
1140 1273 1252 1318 myster
1279 1285 1359 1308 cum
1389 1273 1557 1320 angelica
1582 1273 1798 1310 salutatione
1817 1276 1901 1311 Aue

330 1343 454 1377 ,Μανία
473 1348 541 1376 ete.
561 1346 597 1375 et
622 1340 658 1375 in
677 1340 749 1374 fine
769 1340 867 1374 misse
887 1339 986 1374 dicat
1005 1339 1067 1375 De
1088 1340 1288 1387 profundis
1314 1341 1473 1376 clamauz'
1497 1347 1561 1376 etc.
1591 1353 1672 1377 cum
1699 1342 1901 1390 aspersione

329 1423 420 1456 aque
440 1409 628 1445 benediae
649 1414 686 1444 vt
705 1408 817 1442 moris
837 1407 888 1442 est
906 1408 1010 1455 super
1030 1407 1260 1455 sepulchrum
1286 1421 1407 1444 meum
1434 1421 1501 1456 pro
1521 1409 1655 1444 eisdem
1683 1410 1872 1446 animabus
1892 1433 1898 1438 -

330 1478 469 1513 Verum
489 1478 603 1513 eciam
623 1477 647 1512 fi
667 1477 783 1512 dietus
808 1475 1073 1524 prebendarius
1101 1476 1210 1511 fuerit
1235 1476 1401 1523 publicus
1427 1476 1708 1513 concubinarius
1727 1478 1786 1513 seu
1806 1491 1900 1514 com-

329 1546 446 1581 munis
466 1547 561 1581 lusor
580 1551 764 1581 cartarum
792 1545 1002 1580 taxillarum
1030 1551 1092 1581 aut
1114 1545 1272 1593 goliator
1292 1545 1352 1580 seu
1379 1545 1595 1593 no&iuagus
1622 1552 1684 1581 aut
1703 1547 1899 1593 quomodo-

327 1615 416 1649 libet
443 1620 573 1649 contra
594 1614 707 1649 vitam
734 1619 770 1648 et
796 1613 1022 1649 honestatem
1051 1613 1258 1649 clericalem
1286 1614 1322 1648 in
1352 1614 1425 1650 vita
1452 1614 1612 1649 moribus
1639 1621 1676 1650 et
1703 1614 1803 1650 fastis
1830 1614 1899 1650 suis

327 1682 471 1729 publice
492 1688 613 1718 tentus
633 1689 669 1717 et
687 1687 876 1729 reputatus
904 1681 1015 1717 fuerit
1040 1681 1117 1729 ipsa
1142 1682 1330 1729 prebenda
1356 1682 1461 1717 alteri
1489 1681 1617 1717 idonee
1644 1683 1796 1730 persone
1815 1695 1898 1718 con-

327 1750 480 1785 ferenda
498 1763 630 1785 vacare
655 1750 845 1785 censeatur
865 1772 872 1779 -
893 1749 1075 1785 Volumus
1102 1756 1222 1785 autem
1251 1755 1290 1784 ut
1316 1750 1542 1796 premittitur
1560 1750 1659 1796 quod
1677 1749 1794 1785 diffisus
1818 1763 1898 1797 pre-

328 1818 524 1853 bendarius
550 1831 617 1865 pro
645 1818 706 1853 sua
732 1817 991 1853 sustentatione
1019 1817 1151 1852 habeat
1178 1816 1365 1852 annuatim
1389 1817 1434 1852 de
1455 1816 1560 1852 dietis
1587 1817 1695 1852 terris
1714 1823 1750 1852 et
1768 1818 1898 1853 annuis

328 1886 530 1922 redditibus
565 1898 631 1933 per
663 1898 728 1920 nos
765 1886 827 1920 sibi
864 1885 1046 1932 affignatis
1091 1891 1126 1920 et
1166 1884 1384 1932 assignandis
1420 1884 1550 1931 viginti
1586 1897 1727 1920 marcas
1758 1885 1898 1932 prefate

329 1961 473 1989 monete
494 1960 529 1989 et
548 1955 606 1989 sex
625 1966 767 1989 marcas
794 1953 953 1988 eiusdem
979 1959 1125 1988 monete
1153 1952 1394 1988 communiter
1419 1965 1500 1987 cum
1529 1952 1658 1987 ceteris
1685 1953 1898 1988 communiis

329 2022 424 2058 diae
444 2021 594 2059 ecclesie
613 2022 708 2057 inter
728 2022 841 2070 ipsum
861 2027 897 2056 et
915 2033 1040 2056 omnes
1066 2020 1329 2068 prebendarios
1356 2020 1514 2055 eiusdem
1542 2020 1692 2055 ecclesie
1717 2021 1897 2067 equaliter

330 2090 598 2126 distribuendas
617 2096 653 2125 et
681 2090 780 2136 quod
806 2089 902 2124 idem
930 2088 1195 2136 prebendarius
1222 2088 1389 2135 disponat
1416 2088 1604 2123 annuatim
1631 2088 1899 2136 quinquaginta

331 2164 405 2193 tres
424 2158 553 2193 solidos
573 2164 608 2193 et
633 2164 790 2204 quatuor
817 2157 988 2192 denarios
1015 2157 1060 2192 de
1088 2156 1183 2191 dieta
1211 2156 1349 2190 summa
1375 2155 1507 2202 viginti
1533 2155 1709 2190 librarum
1735 2156 1773 2190 in
1800 2156 1897 2191 hunc

333 2227 394 2272 qni
412 2226 571 2273 sequitur
602 2226 749 2261 modum
784 2225 955 2261 videlicet
986 2246 993 2253 ·
1023 2223 1300 2272 quatuordecim
1331 2223 1463 2258 solidos
1493 2230 1529 2259 et
1562 2224 1696 2270 septem
1726 2223 1896 2258 denarios

333 2294 427 2328 diae
446 2300 591 2328 monete
610 2293 862 2340 prebendariis
881 2293 975 2328 diae
995 2292 1143 2328 ecclesie
1170 2292 1207 2326 in
1227 2304 1311 2327 cera
1333 2291 1535 2338 pulsatione
1563 2276 1820 2337 campanarum
1839 2303 1896 2325 or-

334 2361 513 2395 namentis
532 2367 568 2395 et
586 2361 729 2396 sallario
749 2361 997 2396 ministrorum
1024 2361 1164 2408 prefate
1184 2359 1377 2406 collegiate
1396 2358 1544 2394 ecclesie
1561 2370 1627 2406 pro
1645 2357 1894 2393 anniuersario

335 2427 457 2462 nostro
485 2440 564 2463 cum
595 2435 683 2464 nota
713 2434 749 2464 et
777 2428 884 2464 miffis
912 2429 950 2464 in
981 2428 1138 2464 erastino
1163 2428 1223 2463 De
1249 2428 1371 2473 requie
1400 2439 1465 2473 per
1494 2426 1606 2460 dietos
1634 2424 1894 2471 prebendarios
