2147 2964
767 263 957 302 DOMUS
984 264 1055 300 DE
1085 264 1300 302 SOLTRE.
1775 271 1820 307 49

253 362 455 398 Sauldtoun
476 384 483 391 -
506 362 653 398 Cartam
682 362 854 399 Nicholai
881 364 926 399 de
954 363 1085 399 Veteri
1114 363 1232 399 Ponte
1264 369 1300 399 et
1330 365 1503 400 Anabillc
1532 365 1656 412 sponse
1686 364 1744 400 sue
1773 366 1818 401 de

250 431 356 466 terris
383 431 428 466 dc
458 429 722 478 Swaynystoun
741 452 749 459 ·
772 430 920 467 Cartam
954 431 1093 467 abbatis
1123 431 1253 468 San&e
1283 431 1414 468 Crucis
1441 434 1486 468 (10
1516 433 1744 481 Edynburgh
1773 434 1818 469 de

249 499 306 534 sex
327 499 446 534 solidis
464 519 471 526 ·
492 498 640 534 Cartam
662 499 805 534 Thome
824 500 868 534 de
890 499 1122 547 Cranystoun
1149 499 1194 534 de
1214 499 1358 535 cultura
1377 506 1474 536 terre
1494 522 1501 529 ·
1523 500 1671 537 Cartam
1693 500 1817 537 Dauid

250 566 407 614 Olyfard
426 567 470 602 de
491 572 594 602 traua
619 566 716 601 bladi
737 567 781 602 de
804 566 971 601 omnibus
998 567 1140 602 carucis
1165 567 1256 601 suis·
1277 567 1559 614 Inquisicionem
1587 569 1684 616 regis
1704 569 1816 605 Alex·

247 635 352 670 andri
372 635 416 669 de
436 634 675 669 contencione
702 634 799 669 inter
825 633 1035 681 magistrum
1065 640 1100 669 et
1128 634 1258 670 fratres
1283 636 1328 671 de
1350 635 1470 671 Soltre
1490 643 1525 672 et
1546 637 1750 672 WValterum
1771 639 1815 674 dc

245 702 415 737 Morauia
433 702 538 748 super
557 708 662 737 traua
688 701 787 736 bladi
807 702 852 736 (10
872 702 1014 736 carucis
1033 702 1102 737 suis
1123 724 1129 730 -
1152 703 1300 739 Cartam
1322 704 1494 740 Edwardi
1515 705 1559 740 (10
1579 705 1677 740 Albo
1698 706 1815 742 Fonte

245 770 289 805 de
309 770 416 805 terris
435 770 480 805 de
499 769 704 817 Qwhytwel
720 788 727 795 ·
743 769 893 805 Cartam
913 768 1086 805 Duncani
1107 771 1152 805 de
1174 770 1439 819 Swaynystoun
1460 779 1496 808 et
1511 773 1670 809 Mariote
1690 775 1815 821 sponse

244 838 320 873 eius
340 838 384 873 de
404 838 530 873 decem
558 836 652 872 acris
679 842 777 872 torre
805 842 840 872 et
867 836 1018 872 dimidia
1045 838 1201 874 eiusdem
1222 860 1228 866 ·
1250 840 1399 876 Cartam
1429 840 1602 877 Duncani
1628 842 1672 876 de
1694 841 1815 890 Sway-

243 905 398 954 nystoun
427 912 463 941 et
494 904 654 940 Mariote
685 905 809 953 sponse
843 905 920 940 eius
951 905 996 940 de
1025 906 1156 954 viginti
1192 916 1228 943 et
1255 905 1371 943 tribus
1399 909 1493 944 acris
1521 916 1618 946 terre
1636 931 1643 939 ·
1666 910 1814 946 Cartam

243 976 447 1011 Alexandri
484 975 581 1023 regis
618 975 662 1010 (10
701 975 984 1010 confirmacione
1025 981 1205 1011 terrarum
1242 977 1287 1012 de
1324 976 1590 1026 Swaynystoun
1622 1001 1629 1007 ·
1665 979 1813 1015 Cartani

243 1044 393 1080 Ricardi
409 1044 473 1079 filii
494 1043 687 1079 Michaelis
710 1043 754 1078 de
780 1043 886 1078 terris
911 1043 955 1078 (10
975 1043 1148 1079 Paistoun
1169 1066 1175 1073 ·
1199 1044 1347 1081 Cartam
1370 1045 1578 1093 [Michaelis
1598 1047 1642 1082 de
1663 1046 1814 1096 Wemys

242 1113 305 1148 filii
326 1113 508 1160 quondam
528 1110 684 1159 domini]
706 1111 831 1146 Dauid
851 1111 896 1146 (10
916 1111 1068 1160 11701ογ3
1096 1113 1141 1148 (10
1169 1113 1452 1149 confirmacione
1479 1114 1629 1150 ecclesie
1654 1115 1813 1151 eiusdem

243 1188 278 1217 et
293 1182 338 1217 de
354 1182 462 1217 certis
480 1181 587 1217 terris
599 1202 606 1209 ·
623 1180 807 1227 Scriptum
825 1179 1084 1227 refignacionis
1101 1180 1244 1216 Thome
1264 1182 1308 1216 de
1328 1181 1529 1217 Ercildoun
1551 1183 1595 1218 de
1615 1183 1724 1219 terris
1743 1184 1813 1219 suis

241 1250 398 1285 ciusdem
417 1268 424 1276 ·
446 1249 593 1285 Cartam
620 1248 809 1284 Malcolmi
837 1248 933 1295 regis
961 1249 1006 1283 de
1033 1248 1236 1284 donacione
1263 1255 1445 1285 terrarum
1473 1251 1518 1286 de
1537 1250 1813 1300 Brothirstanys

243 1318 350 1364 vsque
370 1317 416 1352 ad
434 1317 590 1364 Lynden
606 1337 613 1344 ·
631 1316 780 1352 Cartam
801 1315 982 1351 Johannis
1003 1315 1228 1352 Marrescalli
1250 1317 1295 1352 de
1311 1317 1409 1354 Keth
1430 1319 1475 1353 de
1495 1319 1603 1354 terris
1622 1320 1667 1355 dc
1682 1319 1812 1368 Jonys-

243 1392 330 1421 toun
358 1405 365 1412 ·
395 1384 543 1421 Cartam
575 1384 757 1420 Johannis
787 1385 832 1419 de
868 1383 1089 1431 Streuelyng
1121 1385 1166 1420 de
1198 1385 1304 1420 terris
1336 1386 1381 1420 de
1415 1386 1810 1424 Ouchilt1·e·Cartam

242 1452 420 1487 Bernardi
453 1453 498 1487 (10
530 1452 687 1487 Haudcn
721 1452 765 1487 de
801 1457 957 1498 quatuor
993 1452 1098 1487 bollis
1134 1453 1308 1489 frumenti
1338 1475 1345 1482 ·
1379 1454 1528 1491 Cartam
1562 1456 1713 1492 Ricardi
1745 1457 1809 1493 filii

241 1520 434 1556 Michaelis
453 1521 498 1555 de
517 1520 691 1555 Paistoun
711 1521 756 1555 de
774 1520 852 1555 iiiior
871 1520 976 1555 bollis
996 1521 1166 1556 frumenti
1184 1541 1190 1547 ·
1211 1521 1360 1558 Cartam
1379 1522 1555 1559 Willelmi
1575 1525 1619 1559 de
1639 1524 1811 1561 Morauia

239 1589 284 1623 de
305 1588 381 1623 iiii⁰¹r
399 1588 504 1623 bollis
531 1588 648 1623 farine
677 1600 873 1623 auenarmn
894 1609 900 1615 ·
924 1587 1073 1624 Cartam
1104 1589 1276 1626 Duncani
1305 1591 1349 1626 de
1379 1590 1645 1640 Swaynystoun
1674 1594 1719 1629 (10
1747 1594 1810 1629 tri-

238 1657 341 1704 ginta
360 1662 516 1703 quatuor
536 1656 630 1691 acris
650 1662 746 1691 terre
763 1662 798 1691 et
814 1656 953 1691 duabus
973 1659 1066 1692 acris
1085 1658 1181 1704 prati
1200 1658 1237 1693 10
1258 1658 1443 1694 territorio
1460 1659 1504 1694 de
1522 1659 1786 1708 Swaynystoun
1803 1683 1808 1689 ·

241 1725 389 1761 Cartam
422 1723 581 1759 Mariote
613 1724 658 1759 de
693 1723 960 1772 Swaynystoun
997 1724 1042 1759 de
1078 1725 1359 1761 confirmacione
1394 1734 1575 1762 terrarum
1608 1729 1653 1763 (10
1687 1729 1807 1778 Sway-

238 1793 395 1841 nystoun
415 1814 422 1822 ·
444 1793 592 1829 Cartam
613 1793 753 1828 domini
773 1792 916 1828 Thome
936 1792 980 1827 de
1000 1791 1195 1840 Lestalryk
1219 1794 1264 1828 de
1283 1794 1437 1829 dimidia
1464 1796 1587 1831 celdra
1605 1797 1779 1834 frumenti
1800 1822 1806 1828 -

240 1861 390 1898 Cartam
409 1861 566 1897 Walteri
586 1861 630 1896 de
653 1859 772 1896 Soltre
791 1860 978 1908 burgensis
997 1860 1042 1895 de
1062 1860 1221 1908 Berwyk
1241 1862 1285 1896 de
1304 1862 1459 1908 quadam
1481 1870 1584 1910 parte
1604 1871 1701 1901 terre
1720 1866 1780 1902 sue
1798 1888 1804 1894 ·

239 1929 389 1966 Cartam
409 1929 531 1964 Alicie
551 1929 595 1964 de
615 1928 671 1977 By
691 1929 736 1964 de
755 1929 912 1976 quadam
939 1934 1043 1976 parte
1069 1935 1166 1964 terre
1194 1929 1289 1964 infra
1308 1929 1430 1965 villam
1451 1930 1606 1967 Berwici
1627 1953 1633 1960 ·
1655 1933 1804 1971 Cartam

236 1998 417 2034 Johannis
445 1998 489 2033 de
517 1997 726 2045 Jonystoun
755 1998 800 2032 de
829 1996 1079 2044 resignacione
1106 2003 1286 2033 terrarum
1318 1999 1362 2034 dc
1391 1998 1597 2047 Jonystoun
1627 2021 1634 2028 ·
1654 2001 1803 2039 cartam

237 2066 389 2102 Roberti
411 2066 456 2101 de
476 2065 575 2101 Keth
594 2064 821 2100 Marres'calli
853 2063 980 2100 Scoeie
1008 2067 1052 2100 (10
1079 2071 1288 2101 tenemento
1313 2066 1357 2102 (10
1375 2066 1401 2102 J
1405 2067 1583 2115 onystoun
1604 2068 1774 2106 Inferiori
1794 2094 1801 2100 -

237 2133 386 2170 Cartam
406 2133 533 2169 Dauid
560 2132 715 2180 episcopi
745 2132 1007 2168 Sanfflandree
1027 2133 1072 2168 de
1091 2133 1373 2169 confirmacione
1393 2135 1540 2171 ecclesie
1560 2137 1605 2172 de
1625 2138 1775 2188 lVemys
1795 2162 1801 2168 ·

237 2201 385 2238 Cartam
404 2201 582 2237 Willelmi
610 2200 765 2248 episcopi
793 2200 1024 2247 Glasguensis
1051 2201 1095 2236 (10
1124 2202 1405 2238 confirmacione
1433 2204 1581 2240 ecclesie
1610 2207 1654 2241 de
1675 2206 1777 2244 Orde
1794 2230 1801 2236 ·

236 2269 385 2307 Cartam
404 2269 558 2305 Walteri
585 2268 742 2316 episcopi
769 2268 999 2316 Glasguenfis
1031 2269 1076 2304 de
1107 2269 1390 2306 confirmacione
1419 2272 1569 2308 ecclesie
1599 2275 1644 2309 de
1673 2274 1801 2312 Orde-

236 2337 384 2374 Cartam
420 2337 518 2385 regis
546 2337 697 2373 Roberti
730 2337 775 2371 de
807 2337 1088 2372 confirmacione
1126 2344 1307 2374 cartarum
1334 2339 1510 2376 Willelmi
1547 2343 1643 2390 regis
1674 2344 1800 2382 Scoeie

234 2406 279 2441 de
297 2405 498 2453 priuilegiis
518 2426 526 2433 ·
548 2404 697 2441 Cartam
718 2404 918 2441 Alexandri
937 2405 1033 2453 regis
1052 2406 1097 2441 de
1116 2406 1320 2443 donacione
1339 2414 1375 2444 et
1394 2410 1676 2448 confirmacione
1695 2419 1798 2450 traue

984 2485 1007 2508 G
