2147 2964
237 608 279 639 18

342 301 389 337 90
645 295 960 333 REGISTRUM
986 295 1243 334 ECCLESIE
1273 296 1618 334 COLLEGIATE

346 485 460 522 Carta
477 483 502 520 J
505 483 660 519 ohannis
680 483 859 521 Watsoun
880 484 926 520 de
943 496 1016 520 vna
1034 490 1134 520 terra
1153 483 1297 520 iacente
1318 484 1353 519 in
1374 483 1463 520 villa
1481 484 1526 519 de
1545 482 1682 520 Leitht.

348 591 546 649 OMNIBUS
568 638 576 646 .
597 638 605 646 .
626 639 634 646 .
652 609 825 658 magister
851 608 1043 645 Johannes
1071 607 1197 657 Brady
1225 608 1509 644 archidiaconus
1537 607 1800 645 Sanffiandree
1829 609 1927 645 infra

345 684 469 727 partes
495 679 687 715 Laudonie
718 691 761 714 ac
791 677 996 727 prepositus
1025 677 1176 713 eeclefie
1206 677 1399 726 collegiate
1429 677 1561 714 Sancte
1585 676 1781 713 Trinitatis
1812 690 1927 726 prope

347 748 567 796 Edinburgh
594 747 829 796 prebendarii
859 752 894 783 et
922 746 1104 795 capellani
1131 746 1291 782 eiusdem
1319 746 1472 782 salutem
1499 746 1536 782 in
1560 745 1723 781 Domino
1742 745 1927 794 sempiter-

346 831 429 854 nam
451 839 458 847 ·
479 817 669 853 Noueritis
688 829 754 852 nos
775 844 782 852 .
805 843 813 851 .
835 844 842 851 .
864 815 998 851 dediffe
1020 842 1028 851 .
1051 842 1058 850 .
1079 842 1087 850 .
1107 814 1273 850 Johanni
1294 814 1496 851 Watsoune
1515 842 1523 850 .
1542 843 1549 850 .
1569 842 1575 850 .
1593 814 1692 851 illam
1712 820 1849 851 terram
1868 843 1876 850 .
1892 843 1899 850 .
1918 843 1925 850 .

347 889 527 923 iacentem
556 886 593 921 in
621 885 709 921 villa
737 885 782 921 de
811 883 937 920 Leitht
966 896 1011 919 ex
1039 890 1144 931 parte
1171 883 1321 919 australi
1349 896 1443 931 aque
1463 883 1622 920 eiusdem
1651 884 1689 919 in
1708 884 1863 920 baronia
1882 885 1928 919 de

348 956 531 1004 Restalrig
551 962 587 992 et
606 955 702 991 infra
720 953 1017 990 vicecomitatum
1043 953 1089 989 de
1112 952 1331 1000 Edinburgh
1355 952 1453 988 inter
1472 958 1609 988 terram
1629 954 1815 1000 quondam
1834 953 1929 989 Wil-

348 1026 446 1062 lelmi
467 1024 581 1062 Clerk
611 1037 655 1060 ex
682 1028 788 1071 parte
817 1022 996 1059 australi.
1018 1049 1025 1057 .
1049 1050 1056 1058 .
1077 1028 1113 1058 et
1145 1027 1282 1057 terram
1311 1023 1496 1068 quondam
1527 1021 1671 1057 Thome
1703 1021 1853 1057 Broune
1883 1035 1927 1057 ex

349 1101 453 1143 parte
481 1093 623 1130 boreali
644 1121 652 1128 .
673 1120 681 1128 .
703 1121 710 1128 .
730 1098 766 1128 et
795 1098 932 1127 terram
953 1091 1107 1127 Roberti
1132 1090 1272 1126 Barcar
1304 1103 1347 1126 ex
1378 1096 1483 1138 parte
1514 1090 1736 1127 occidentali
1764 1097 1799 1127 et
1820 1090 1928 1127 Com-

348 1176 496 1199 munem
525 1161 723 1198 Venellam
753 1160 827 1196 fine
864 1159 1055 1196 transitum
1092 1172 1135 1194 ex
1171 1165 1275 1208 parte
1312 1158 1483 1194 orientali
1504 1181 1511 1188 ·
1534 1158 1617 1201 Que
1652 1166 1751 1196 terra
1772 1187 1779 1195 .
1802 1188 1809 1195 .
1832 1188 1839 1195 .
1859 1160 1928 1195 fuit

350 1231 504 1269 Roberti
536 1230 684 1278 Bruyce
715 1228 905 1277 burgensis
936 1228 1043 1276 burgi
1075 1228 1120 1263 de
1151 1226 1372 1275 Edinburgh
1407 1226 1469 1262 filii
1501 1233 1537 1262 et
1566 1227 1711 1263 heredis
1743 1229 1926 1275 quondam

351 1301 503 1339 Roberti
523 1300 669 1347 Bruyce
689 1299 734 1333 de
753 1297 938 1346 Bynnyne
962 1296 1188 1332 hereditarie
1210 1302 1247 1332 et
1266 1308 1374 1343 quam
1394 1296 1493 1330 idem
1512 1295 1696 1331 Robertus
1717 1324 1725 1332 .
1746 1325 1753 1331 .
1775 1325 1782 1332 .
1804 1310 1927 1333 coram

351 1369 558 1417 subscriptis
586 1367 736 1403 testibus
757 1393 766 1401 .
787 1394 795 1401 .
816 1393 823 1401 .
843 1365 1005 1412 quietam
1033 1364 1207 1400 clamauit
1234 1364 1454 1411 impertuum
1476 1391 1484 1399 .
1507 1392 1515 1398 .
1536 1391 1543 1398 .
1565 1363 1781 1400 Tenendam
1804 1393 1811 1400 .
1833 1394 1840 1400 .
1862 1394 1870 1400 .
1889 1366 1928 1401 in

351 1440 458 1476 feodo
490 1444 526 1474 et
561 1436 766 1473 hereditate
802 1435 1069 1483 imperpetuum
1092 1462 1099 1469 .
1123 1462 1130 1469 .
1152 1461 1160 1469 .
1180 1432 1385 1469 Reddendo
1421 1432 1508 1468 inde
1544 1432 1733 1469 annuatim
1756 1462 1763 1469 .
1785 1461 1792 1469 .
1815 1462 1822 1470 .
1842 1435 1929 1470 tres-

352 1509 470 1545 decim
491 1505 623 1543 solidos
642 1510 677 1541 et
697 1508 857 1552 quatuor
874 1502 1045 1539 denarios
1065 1501 1197 1537 vsualis
1215 1507 1363 1537 monete
1388 1501 1495 1549 regni
1516 1499 1646 1538 Scocie
1665 1502 1710 1538 ad
1731 1502 1821 1538 duos
1841 1503 1927 1539 anni

353 1577 529 1614 terminos
557 1574 748 1611 consuetos
774 1601 781 1608 .
804 1600 812 1608 .
834 1599 842 1607 .
866 1572 1016 1607 nomine
1044 1570 1213 1607 annualis
1239 1569 1406 1606 redditus
1429 1569 1634 1607 feodifirme
1662 1584 1744 1607 cum
1772 1572 1928 1608 seruicio

353 1646 534 1682 curiarum
553 1644 591 1679 in
610 1641 743 1678 nostris
767 1641 885 1677 tribus
904 1639 1016 1676 curiis
1044 1639 1260 1688 capitalibus
1282 1638 1474 1674 annuatim
1493 1639 1589 1687 apud
1609 1639 1744 1676 dictum
1763 1640 1926 1676 nostrum

353 1714 546 1762 collegium
574 1710 743 1748 tenendis
760 1729 768 1737 ·
786 1721 932 1745 necnon
956 1708 1071 1756 priori
1099 1713 1136 1743 et
1164 1706 1364 1743 conuentui
1391 1706 1541 1743 ecclefie
1563 1707 1735 1744 Fratrum
1754 1709 1927 1745 Predica—

352 1790 473 1820 torum
502 1781 610 1830 burgi
641 1780 687 1816 de
719 1777 938 1826 Edinburgh
959 1805 967 1813 .
989 1805 997 1812 .
1019 1804 1027 1812 .
1044 1777 1172 1812 decem
1201 1775 1334 1811 solidos
1360 1775 1524 1823 predi&e
1549 1775 1681 1811 vsualis
1710 1783 1855 1813 monete
1879 1778 1926 1813 ad

352 1852 537 1901 predictos
555 1848 730 1886 terminos
749 1875 757 1883 .
776 1874 784 1883 .
804 1874 812 1883 .
829 1852 974 1883 tantum
991 1873 999 1881 .
1021 1872 1028 1880 .
1048 1872 1056 1881 .
1074 1844 1120 1881 In
1137 1844 1241 1880 cuius
1259 1843 1312 1879 rei
1331 1842 1578 1880 testimonium
1596 1843 1751 1891 sigillum
1771 1858 1925 1881 comune

355 1919 506 1969 capituli
523 1918 609 1954 (11ἃί
627 1915 742 1952 nostri
761 1914 907 1963 collegii
926 1913 1012 1950 huic
1029 1912 1187 1962 presenti
1207 1918 1308 1948 carte
1326 1912 1449 1947 nostre
1466 1911 1519 1947 est
1534 1913 1732 1960 appensum
1750 1941 1754 1947 .
1776 1941 1783 1948 .
1802 1942 1809 1949 .
1826 1927 1925 1950 nono

354 1990 412 2026 die
439 1986 570 2024 menfis
597 1984 740 2033 Aprilis
767 1995 864 2019 anno
890 1981 1042 2018 Domini
1071 1980 1258 2017 millefimo
1287 1979 1577 2028 quingentesimo
1604 1980 1747 2017 decimo
1773 1982 1925 2029 septimo

356 2069 477 2095 coram
603 2052 761 2089 dominis
797 2051 943 2088 Thoma
977 2050 1156 2087 Watsoun
1191 2048 1360 2085 Henrico
1395 2048 1639 2097 Hadingtoun
1672 2050 1924 2097 prebendariis

356 2126 442 2162 dieti
479 2123 622 2171 collegii
659 2121 806 2158 Thoma
839 2118 1027 2156 Wardlaw
1067 2117 1265 2166 capellanis
1300 2117 1489 2154 Willelmo
1524 2117 1724 2155 Watsoune
1760 2119 1923 2156 Roberto

356 2193 522 2242 Douglas
549 2189 764 2227 Alexandro
793 2186 1035 2235 Hoppringill
1060 2186 1246 2223 Willelmo
1272 2185 1470 2234 Dalglesch
1497 2185 1662 2222 Niniano
1687 2186 1774 2235 Hog
1799 2187 1924 2224 Dauid

358 2262 511 2308 Murray
531 2265 567 2296 et
584 2258 610 2295 J
612 2258 726 2295 acobo
746 2256 908 2304 Yhoung
926 2255 1071 2292 notario
1089 2255 1235 2303 publico
1254 2267 1337 2291 cum
1355 2254 1478 2290 multis
1496 2253 1585 2290 aliis.
