2147 2964
332 285 404 317 328
702 282 885 319 CARTA
912 282 1167 319 ECCLESIE
1197 283 1538 321 COLLEGIATE

333 382 459 417 caudis
478 387 587 428 prout
606 381 644 416 in
663 382 759 417 dieta
778 388 880 417 carta
898 382 1053 430 desuper
1072 382 1239 418 conferta
1264 383 1417 419 inferius
1441 383 1652 419 continetur
1671 382 1716 418 de
1736 383 1908 418 mandato

334 450 457 485 nostro
486 450 598 485 visam
625 450 756 485 le6tam
789 450 985 497 inspe6tam
1018 456 1055 486 et
1081 450 1277 498 diligenter
1307 451 1552 487 examinatam
1580 452 1701 486 sanam
1729 451 1912 499 integram

334 530 407 553 non
434 518 550 553 rasam
578 531 653 553 non
680 518 921 554 cancellatam
945 531 1013 554 nec
1044 519 1082 554 in
1110 518 1234 565 aliqua
1262 518 1312 554 sui
1340 525 1442 566 parte
1470 519 1666 567 suspe&an1
1694 518 1740 554 ad
1762 518 1911 566 plenum

332 585 548 622 intellexisse
566 587 630 622 sub
647 587 717 622 hac
736 587 854 622 forma
872 607 880 613 ·
900 586 1082 623 OMNIBUS
1108 586 1203 623 hanc
1229 594 1368 623 cartam
1388 587 1517 622 visuris
1539 587 1594 622 vel
1622 586 1802 622 audituris
1824 585 1912 620 Wil-

333 655 462 690 lelmus
484 654 650 691 Sinclare
669 656 714 690 de
730 655 882 703 Rosling
901 655 1005 690 miles
1024 655 1175 691 salutem
1195 656 1233 690 in
1250 656 1413 691 Domino
1428 655 1685 703 sempiternam
1701 675 1707 682 ·
1721 653 1912 689 Noueritis

334 737 390 759 me
410 724 448 758 in
466 724 612 759 laudem
632 723 787 771 gloriam
807 730 843 759 et
861 723 1038 758 honorem
1060 723 1284 760 Sanffiffime
1304 730 1340 760 ct
1359 724 1556 760 Indiuidue
1577 723 1775 759 Trinitatis
1792 723 1913 758 Patris

334 800 369 828 et
385 792 470 828 Filii
489 799 525 828 et
544 792 701 840 Spiritus
719 792 839 828 Sanffi
855 791 1055 827 beatissinie
1072 792 1381 840 g101·osiffimeque
1401 793 1555 841 virginis
1571 792 1691 828 Marie
1707 791 1913 826 intimerate

334 861 525 909 genitricis
541 861 700 896 eiusdem
715 861 869 896 Domini
885 860 999 895 nostri
1011 873 1154 896 necnon
1171 860 1294 896 saneti
1309 861 1451 896 Mathei
1467 860 1619 909 apostoli
1635 867 1670 895 et
1682 859 1913 907 ewangeliste

335 931 564 976 aliorumque
584 929 829 977 apostolorum
848 929 1040 964 martirum
1061 927 1299 964 consessorum
1317 934 1426 976 atque
1442 928 1625 976 virginum
1642 928 1758 963 tocius
1774 927 1914 963 celestis

336 999 437 1034 curie
466 998 726 1045 triumphantis
753 1010 820 1045 pro
848 997 961 1033 salute
990 1003 1025 1032 et
1053 996 1145 1032 statu
1173 997 1396 1033 illustriffimi
1423 1004 1459 1033 et
1487 996 1706 1032 inuiffiffimi
1738 996 1914 1044 principis

334 1067 467 1103 Jacobi
490 1066 683 1102 Scotorum
711 1066 806 1113 regis
834 1065 954 1113 quinti
979 1064 1354 1112 nobilisiimorumque
1381 1065 1661 1112 progenitorum
1689 1071 1724 1099 et
1744 1064 1914 1099 successo-

335 1148 416 1171 rum
445 1135 589 1170 suorum
618 1147 660 1170 ac
690 1134 806 1170 eciam
836 1132 1125 1169 reuerendiffimi
1155 1132 1191 1167 in
1223 1132 1370 1168 Christo
1401 1133 1515 1179 patris
1543 1139 1579 1167 et
1606 1132 1745 1167 domini
1777 1132 1915 1167 domini

335 1204 360 1239 J
363 1203 468 1239 acobi
484 1202 557 1238 Dei
577 1208 612 1238 et
631 1202 826 1250 apostolice
845 1202 938 1236 sedis
957 1201 1084 1248 gracia
1105 1199 1368 1236 Sanffiandree
1392 1200 1655 1247 archiepiscopi
1675 1200 1792 1235 tocius
1811 1200 1916 1248 regni

339 1271 467 1308 Scocie
486 1271 650 1318 primatis
678 1278 713 1305 et
740 1269 852 1317 legati
879 1269 957 1304 nati
985 1281 1026 1304 ac
1053 1281 1120 1315 pro
1149 1268 1270 1303 anima
1289 1269 1474 1315 quondam
1492 1268 1552 1316 pie
1570 1268 1746 1304 memorie
1765 1269 1916 1304 Andree

337 1340 423 1375 olim
443 1339 708 1386 archiepiscopi
730 1338 993 1374 Sanfitiandree
1012 1349 1129 1385 nuper
1148 1337 1309 1372 (lefunffiti
1336 1338 1552 1384 suorumque
1570 1337 1862 1386 predecessorum
1881 1345 1917 1374 et

336 1407 573 1444 successorum
593 1419 738 1441 necnon
756 1418 824 1453 pro
844 1405 956 1441 salute
976 1405 1181 1440 animarum
1200 1405 1396 1441 recolende
1415 1405 1590 1441 memorie
1609 1405 1784 1441 Willelmi
1804 1418 1917 1452 quon-

337 1477 420 1512 dam
441 1475 582 1511 comitis
603 1474 766 1510 Orcadie
786 1480 822 1509 et
844 1472 1025 1510 Cathanie
1054 1486 1096 1509 ac
1124 1473 1264 1508 domini
1292 1474 1336 1509 de
1365 1474 1496 1509 Sanfito
1518 1473 1630 1510 Claro
1650 1473 1862 1509 cancellarii
1882 1482 1917 1509 et

337 1544 527 1580 iusticiarii
548 1543 672 1591 magni
692 1542 777 1578 olim
798 1541 926 1578 Scocie
946 1542 1123 1578 Mariorie
1152 1541 1368 1577 Suthirland
1394 1542 1455 1578 sue
1484 1542 1651 1590 coniugis
1672 1540 1815 1577 Oliueri
1837 1540 1917 1577 Sin-

339 1614 437 1649 clare
451 1612 637 1660 quondam
657 1611 701 1647 de
717 1610 869 1658 Rossing
887 1611 1011 1646 militis
1026 1610 1221 1646 Elizabeth
1237 1610 1420 1646 Borthuik
1439 1611 1516 1646 eius
1536 1609 1703 1658 coniugis
1723 1623 1764 1645 ac
1784 1609 1917 1645 nobilis

339 1682 409 1717 viri
427 1680 630 1716 Alexandri
661 1679 817 1716 Stewart
845 1679 1147 1715 commendatarii
1174 1678 1384 1713 monasterii
1412 1679 1457 1714 de
1484 1677 1629 1726 Scoyne
1657 1684 1692 1713 et
1717 1690 1784 1725 pro
1803 1678 1916 1714 salute

339 1751 459 1786 anime
480 1761 558 1784 mee
578 1756 613 1784 et
633 1748 786 1783 Alisone
802 1748 926 1783 Hume
945 1761 1024 1783 mee
1044 1747 1169 1795 sponse
1184 1747 1362 1782 Willelmi
1383 1745 1548 1782 Sinclare
1570 1746 1731 1783 Gilberti
1752 1745 1916 1782 Sinclare

339 1819 497 1854 filiorum
525 1829 691 1852 meorum
718 1815 923 1851 Alexandri
951 1815 1117 1851 Sinclare
1145 1822 1181 1851 et
1210 1815 1353 1851 Oliueri
1384 1814 1550 1850 Sinelare
1578 1827 1740 1850 meorum
1761 1815 1917 1850 fratrum

340 1900 382 1923 ac
401 1886 538 1921 domini
554 1885 736 1920 Jobannis
751 1883 918 1919 Diksoun
937 1884 1110 1931 prepositi
1130 1883 1280 1920 ecclesie
1301 1883 1494 1930 collegiate
1513 1883 1559 1918 de
1578 1882 1730 1930 Rossing
1748 1883 1917 1918 moderni

340 1968 484 1991 necnon
511 1967 579 2002 pro
608 1954 719 1989 salute
747 1953 951 1988 animarum
981 1953 1142 1988 omnium
1171 1953 1318 1987 illorum
1348 1965 1369 1987 a
1388 1964 1460 1999 quo
1480 1951 1539 1987 vel
1563 1964 1584 1987 a
1611 1952 1742 1998 quibus
1770 1964 1838 1999 ego
1858 1951 1915 1986 vel

340 2023 608 2071 predecessores
632 2022 702 2057 mei
729 2021 853 2068 aliqua
879 2022 976 2056 bona
1003 2021 1124 2056 minus
1151 2021 1240 2056 iuste
1267 2021 1460 2056 habuimus
1480 2021 1525 2056 de
1551 2021 1682 2068 quibus
1702 2021 1748 2056 ad
1767 2021 1915 2068 condig-

342 2106 427 2128 num
448 2105 521 2127 non
542 2091 772 2126 satisfecimus
788 2096 824 2125 et
843 2102 910 2137 pro
930 2089 1042 2125 salute
1058 2090 1219 2125 onmium
1238 2090 1401 2125 fidelium
1421 2090 1677 2125 defun&01·um
1696 2103 1739 2125 ac
1754 2089 1914 2125 omnium

341 2161 616 2196 benefactorum
637 2159 731 2194 dieze
758 2157 907 2193 ecclesie
935 2157 1127 2205 collegiate
1155 2158 1200 2193 de
1228 2157 1379 2204 Rossing
1405 2156 1539 2193 dedisse
1567 2157 1768 2193 conceffiffe
1792 2164 1828 2193 et
1846 2157 1915 2192 hac

342 2229 500 2275 presenti
520 2235 621 2263 carta
639 2239 721 2262 mea
739 2238 806 2273 pro
825 2231 1001 2274 perpetuo
1030 2226 1253 2262 confirmaffe
1281 2239 1425 2262 necnon
1445 2227 1533 2262 dare
1557 2227 1760 2262 concedere
1779 2231 1816 2261 et
1833 2238 1914 2273 pre-

341 2296 431 2331 senti
457 2302 559 2331 carta
586 2308 667 2330 mea
694 2307 760 2341 pro
786 2300 964 2342 perpetuo
992 2294 1209 2330 confirmare
1229 2295 1312 2330 Deo
1333 2295 1591 2343 Omnipotenti
1608 2295 1772 2331 Domino
1791 2293 1914 2329 nostro

342 2364 456 2399 Jhesu
476 2363 622 2399 Christo
651 2363 825 2398 crucifixo
853 2375 895 2397 ac
922 2362 1120 2398 beatissime
1150 2363 1284 2410 virgini
1311 2363 1431 2399 Marie
1458 2364 1567 2399 matri
1594 2363 1752 2399 eiusdem
1780 2367 1816 2397 et
1833 2373 1914 2408 pre-

343 2432 456 2478 posito
488 2444 529 2466 ac
557 2431 810 2478 prebendariis
843 2431 937 2466 (Ιίἃθ
969 2430 1118 2466 ecclesie
1151 2431 1343 2479 collegiate
1375 2431 1497 2467 Sanffi
1528 2430 1669 2466 Mathei
1700 2428 1850 2477 apostoli
1878 2437 1914 2464 et
