2147 2964
85 583 140 616 14.

84 2220 138 2251 15.

721 286 910 324 DOMUS
937 287 1008 324 DE
1037 286 1253 325 SOLTRE.
1728 292 1772 324 13

202 458 315 495 Carta
332 459 358 495 J
361 460 514 495 ohannis
532 461 578 496 de
597 460 758 497 Methkil
777 462 822 498 de
841 461 1046 498 donacione
1066 461 1216 498 ecclesie
1236 463 1281 498 de
1301 462 1461 512 Wemys.

200 563 394 617 Omnibus
414 579 550 616 Christi
576 580 745 616 fidelibus
772 582 976 629 presentem
1000 587 1138 617 cartam
1158 582 1285 617 visuris
1305 582 1363 618 vel
1382 583 1560 618 audituris
1576 583 1602 619 J
1604 584 1766 620 ohannes

197 646 241 682 de
260 646 420 682 Methkil
445 647 594 684 salutem
623 648 660 683 in
680 648 842 684 Domino
862 669 869 677 ·
890 648 1048 684 Nouerit
1075 649 1289 685 vniuersitas
1317 650 1437 686 vestra
1463 664 1519 687 me
1547 652 1671 688 diuine
1690 654 1761 700 pie-

195 713 279 749 tatis
297 714 435 751 intuitu
454 715 588 751 dedisse
607 721 643 752 et
662 715 866 752 conceffisse
885 723 921 752 et
947 716 1017 752 hac
1042 717 1201 765 presenti
1221 722 1324 753 carta
1341 730 1423 754 mea
1442 719 1665 755 confirmasse
1684 720 1766 756 Deo

195 788 231 818 et
257 782 407 818 ecclesie
436 782 569 820 San&e
587 783 784 819 Trinitatis
811 784 856 819 de
886 783 1007 820 Soltre
1034 790 1070 820 et
1097 784 1270 832 magistro
1297 791 1333 820 et
1360 785 1605 822 confratribus
1632 788 1766 824 ibidem

195 850 278 886 Deo
307 851 549 887 seruientibus
581 859 617 889 et
650 853 922 900 imperpetuum
959 852 1148 888 seruituris
1183 858 1300 888 totum
1336 853 1393 888 ius
1428 854 1526 900 quod
1562 855 1678 891 habeo
1711 858 1768 892 vel

195 919 331 955 habere
349 920 453 967 potui
468 920 526 956 vel
543 920 784 957 antecessores
803 920 873 955 mei
892 920 1101 956 habuerunt
1120 920 1177 956 vel
1196 920 1411 956 successores
1429 921 1501 956 mei
1520 922 1654 959 habere
1669 931 1768 971 pote-

196 993 282 1022 runt
301 987 337 1022 in
358 987 509 1023 ecclesia
530 987 662 1024 Sanfite
681 987 802 1024 Marie
830 988 875 1024 de
897 988 1048 1036 VVemys
1074 1002 1142 1036 pro
1170 989 1293 1025 anima
1319 1001 1400 1025 mea
1427 994 1462 1024 et
1486 990 1609 1027 anima
1627 993 1768 1028 comitis

195 1054 369 1091 Duncani
389 1062 425 1092 et
444 1068 511 1104 pro
528 1056 718 1092 animabus
737 1057 851 1104 patris
871 1057 941 1092 mei
969 1067 1005 1093 et
1023 1058 1149 1093 matris
1168 1070 1249 1093 mee
1268 1064 1304 1094 et
1323 1060 1485 1095 omnium
1505 1059 1767 1096 antecessorum

194 1137 358 1160 meorum
377 1132 413 1161 et
440 1124 679 1161 successorum
706 1138 872 1161 meorum
901 1126 964 1161 sibi
991 1132 1028 1161 et
1055 1125 1230 1161 fratribus
1252 1126 1322 1162 suis
1342 1127 1619 1164 succedentibus
1639 1129 1767 1177 imper-

194 1200 342 1241 petuum
367 1215 374 1222 -
402 1193 622 1229 Tenendum
652 1200 688 1229 et
716 1194 968 1241 poffidendum
999 1195 1038 1230 in
1069 1207 1200 1242 puram
1232 1201 1268 1231 et
1298 1203 1511 1244 perpetuam
1545 1197 1767 1233 elimosinam

195 1275 278 1297 cum
297 1263 464 1297 omnibus
482 1262 715 1298 libertatibus
734 1268 771 1298 et
789 1263 1029 1310 pertinenciis
1050 1268 1086 1298 et
1104 1264 1334 1311 aysiamentis
1352 1265 1450 1301 infra
1469 1266 1591 1301 villam
1611 1272 1647 1302 et
1666 1273 1769 1302 extra

196 1331 241 1365 ad
261 1330 564 1366 sustentacionem
590 1343 793 1377 pauperum
822 1330 957 1366 ibidem
987 1331 1256 1366 confluencium
1284 1332 1335 1368 ita
1360 1332 1475 1368 libere
1498 1339 1534 1369 et
1553 1334 1675 1380 quiete
1694 1333 1767 1381 ple-

195 1397 298 1433 narie
326 1404 362 1433 et
381 1397 582 1433 honorifice
608 1396 696 1433 ficut
727 1397 850 1444 aliqua
874 1397 1026 1433 ecclesia
1053 1398 1090 1432 in
1118 1411 1234 1445 regno
1264 1398 1392 1435 Scocie
1420 1400 1528 1435 alicui
1556 1401 1708 1436 abachie
1733 1410 1767 1436 et

194 1465 365 1512 hospitali
384 1465 536 1500 liberius
556 1465 720 1512 quiccius
744 1466 888 1513 plenius
908 1466 966 1502 vel
984 1466 1292 1502 honorificencius
1321 1468 1429 1503 datur
1448 1468 1508 1503 seu
1525 1469 1739 1504 conceditur
1759 1491 1764 1495 -

196 1532 239 1568 In
260 1532 363 1568 cuius
383 1532 435 1568 rei
456 1532 701 1569 testimonium
721 1533 879 1580 presenti
898 1540 998 1570 carte
1018 1534 1173 1582 sigillum
1196 1547 1315 1570 meum
1335 1536 1481 1583 apposui
1501 1558 1508 1565 ·
1528 1536 1598 1571 hiis
1617 1536 1764 1572 testibus

195 1600 344 1635 domino
365 1600 535 1636 Gilberto
561 1603 703 1636 maore
733 1601 882 1637 ecclesie
910 1603 955 1638 de
974 1602 1127 1650 WVemys
1152 1602 1300 1637 domino
1324 1603 1496 1639 Johanne
1527 1604 1571 1639 de
1591 1604 1763 1652 Pontkyn

196 1668 352 1703 dominis
372 1668 568 1716 Radulpho
600 1675 635 1704 et
665 1669 812 1718 Rogero
845 1671 1040 1719 capellanis
1069 1671 1217 1706 domino
1247 1670 1413 1707 Henrico
1443 1672 1487 1707 de
1516 1672 1700 1720 Abirnyte
1730 1681 1765 1708 et

194 1736 341 1771 domino
356 1736 540 1772 Duncano
558 1736 640 1772 filiis
656 1737 741 1773 Ade
759 1738 932 1774 militibus
950 1738 1121 1786 magistro
1136 1738 1318 1774 Willelmo
1338 1740 1383 1774 de
1401 1738 1593 1787 Hellewyk
1615 1740 1762 1775 domino

196 1804 341 1840 Thoma
371 1805 417 1840 de
447 1804 642 1841 Kilmaron
674 1806 823 1842 domino
854 1806 1060 1855 Reginaldo
1093 1806 1221 1843 Bastar
1251 1808 1371 1843 Adam
1402 1808 1447 1843 de
1480 1807 1763 1844 Malcarristoun

195 1872 329 1908 clerico
349 1878 386 1908 et
403 1873 526 1908 multis
545 1873 638 1908 aliis.

195 2023 307 2059 Carta
324 2022 499 2058 Willelmi
519 2023 564 2058 de
582 2021 710 2058 Memil
730 2022 774 2058 de
800 2022 892 2058 tofto
922 2029 958 2059 et
987 2025 1104 2061 crofto
1133 2032 1169 2061 et
1196 2026 1305 2061 certis
1330 2027 1425 2062 acris
1444 2027 1481 2062 in
1501 2027 1589 2063 villa
1607 2034 1643 2063 et
1661 2029 1764 2064 terri-

194 2090 287 2126 torio
307 2091 353 2126 de
371 2090 580 2139 Langtoun.

195 2196 402 2250 Vniuersis
421 2213 541 2248 san&e
559 2212 687 2248 matris
707 2211 856 2247 ecclesie
874 2211 957 2247 filiis
976 2213 1180 2259 presentem
1205 2220 1342 2250 cartam
1363 2215 1488 2251 visuris
1507 2216 1565 2252 vel
1584 2217 1762 2254 audituris

195 2279 404 2316 Willelmus
423 2280 468 2315 de
485 2279 613 2315 Memil
631 2279 780 2315 salutem
795 2298 802 2305 ·
815 2279 974 2315 Nouerit
992 2279 1238 2329 [vniuerfitas]
1261 2282 1380 2319 vestra
1397 2297 1455 2320 mc
1474 2285 1599 2320 diuine
1617 2286 1762 2333 pietatis

195 2348 330 2383 intuitu
350 2354 386 2384 et
404 2360 471 2395 pro
491 2347 605 2382 salute
633 2346 752 2382 anime
779 2359 858 2382 mee
878 2354 914 2383 et
933 2347 1136 2383 animarum
1163 2350 1451 2397 predecessorum
1471 2358 1506 2387 et
1525 2352 1759 2390 successorum

196 2428 359 2452 meorum
379 2414 513 2452 dedisse
532 2421 570 2451 et
588 2415 657 2450 hac
675 2415 834 2462 presenti
859 2420 960 2451 carta
986 2428 1068 2451 mea
1087 2417 1310 2453 confirmasse
1331 2417 1413 2454 Deo
1432 2425 1468 2454 et
1486 2420 1609 2455 domui
1630 2419 1760 2457 San&e
