2147 2964
69 381 138 418 175

60 2226 130 2265 176

485 288 698 325 SANCTE
727 287 1045 325 TRINITATIS
1072 287 1143 323 DE
1171 287 1502 324 EDINBURGH.
1708 290 1777 327 199

205 371 440 426 Comum-um
473 389 611 424 domini
643 388 815 423 Willelmi
849 388 1059 436 Yhownger
1094 389 1297 425 collcEtoris
1329 389 1513 424 firmarum
1545 387 1693 423 ecclesie
1727 388 1772 423 de

202 455 408 504 Kyrkhurd
435 462 471 492 et
497 457 542 492 de
570 457 711 492 duobus
738 457 964 505 Lymphoyis
994 463 1030 493 et
1057 458 1163 493 terris
1191 459 1235 493 de
1261 457 1351 506 Hyll
1380 460 1496 493 {ustum
1525 470 1590 505 per
1614 458 1769 493 eundem

200 525 298 571 apud
316 524 510 572 collegium
529 524 629 560 Diue
650 524 845 560 Trinitatis
872 525 1089 560 duodecimo
1108 526 1167 561 die
1191 526 1321 561 mensis
1343 526 1559 561 Decembris
1578 539 1674 561 anno
1694 526 1768 562 Do-

201 592 289 626 mini
316 591 503 629 millesnno
531 593 822 639 quingentesimo
850 593 1147 641 quinquagesimo
1174 594 1332 629 secundo
1360 594 1405 629 de
1427 594 1593 629 omnibus
1612 595 1769 642 receptis

199 659 269 695 suis
288 665 324 695 et
343 659 506 706 expensis
532 660 635 695 factis
663 673 684 694 a
711 660 770 695 die
798 660 907 695 tertio
933 660 1156 696 Nouembris
1184 661 1270 696 anni
1291 660 1440 696 Domini
1469 661 1646 697 millesimi
1666 663 1769 709 quin-

197 726 386 774 gentesimi
406 727 696 775 quinquagesimi
716 727 824 774 primi
844 727 951 773 vsque
971 727 1007 762 in
1027 727 1125 763 hunc
1144 728 1250 763 diem.

199 794 426 841 Quiquidem
454 795 623 830 dominus
643 795 852 830 WVillelmus
880 795 932 830 est
960 801 1178 830 exoneratus
1206 796 1250 830 ab
1276 796 1444 831 omnibus
1466 796 1535 831 suis
1563 796 1769 833 intromissis

197 862 288 898 iuste
307 868 344 898 et
361 863 477 898 libere
497 868 533 898 et
555 862 663 898 nihill
690 861 850 910 superest
877 863 922 897 de
949 862 1105 909 receptis
1133 863 1289 898 admistis
1318 864 1484 899 omnibus
1513 864 1709 912 sumptibus
1734 872 1769 901 et

196 930 360 979 expensis
379 931 559 979 gregatim
588 931 774 979 temptatis
800 937 1033 979 preterquam
1061 931 1234 966 summam
1259 932 1309 966 xii
1336 932 1512 967 librarum
1533 946 1640 980 quam
1660 935 1769 971 habet

195 999 363 1035 dominus
383 999 598 1035 Alexander
615 999 831 1035 Henresone
851 1005 977 1035 mutuo
998 998 1304 1035 consensientibus
1322 1000 1502 1048 preposito
1523 1007 1558 1037 et
1578 1007 1653 1038 toto
1673 1004 1768 1051 capi-

195 1067 271 1103 tulo
288 1067 494 1115 subscriptis
510 1090 516 1097 -
532 1080 599 1115 pro
615 1080 688 1115 qua
705 1068 842 1103 summa
858 1068 954 1103 idem
973 1067 1142 1103 dominus
1157 1067 1365 1104 VVillelmus
1385 1068 1493 1105 habet
1510 1070 1766 1118 obligationem

195 1136 282 1172 (1ίὲὶί
302 1136 441 1172 domini
460 1136 663 1172 Alexandri
683 1137 852 1184 scriptam
872 1137 934 1172 sua
951 1149 1062 1172 manu
1081 1157 1088 1164 ·
1107 1137 1155 1172 Et
1173 1143 1407 1184 preterquam
1429 1139 1624 1174 terminum
1646 1139 1767 1176 Sanffi

197 1203 350 1239 Martini
377 1204 572 1240 instantem
601 1205 646 1240 de
677 1204 880 1252 Kyrkhurd
907 1211 942 1240 et
971 1204 1199 1253 Lymphoyis
1226 1210 1262 1240 et
1289 1206 1397 1241 terris
1424 1207 1469 1242 de
1488 1206 1581 1255 Hyll
1603 1215 1769 1244 remanet

196 1273 484 1319 incomputatum
515 1273 553 1307 in
585 1272 752 1307 manibus
782 1272 1028 1308 firmariorum
1058 1274 1304 1320 predi&arum
1339 1274 1489 1310 ecclesie
1521 1281 1556 1310 et
1587 1282 1767 1312 terrarum

197 1341 380 1387 integrum
399 1346 435 1376 et
453 1340 609 1375 liberum
631 1340 796 1376 deduffis
824 1341 990 1377 omnibus
1018 1341 1174 1376 seruitiis
1202 1347 1238 1377 et
1264 1342 1380 1377 feodis
1407 1343 1599 1390 persolutis
1618 1350 1654 1380 et
1673 1358 1767 1380 com-

196 1408 331 1454 putatis
358 1408 395 1443 in
422 1408 492 1444 hoc
523 1408 681 1455 presenti
710 1414 881 1456 computo
914 1422 1037 1445 coram
1069 1410 1297 1446 auditoribus
1329 1410 1398 1445 hiis
1425 1412 1573 1447 domino
1604 1412 1766 1460 Georgio

198 1476 451 1524 Clappertoun
471 1476 556 1512 dieti
583 1477 727 1525 collegii
752 1477 934 1525 preposito
954 1490 997 1513 ac
1016 1478 1269 1526 prebendariis
1289 1478 1374 1514 totis
1394 1478 1598 1526 subscriptis
1619 1480 1765 1516 testibus

195 1545 518 1593 subscriptionibus
536 1545 670 1580 nostris
689 1545 931 1581 manualibus.

244 1614 448 1649 Gssonems
477 1613 760 1649 CLAPPEBTONE
790 1613 945 1661 proposi·
1025 1613 1231 1649 MAmsma
1251 1613 1414 1650 MARCUS
1435 1615 1544 1650 LAMB
1560 1628 1668 1652 manu
1684 1630 1763 1664 pro-

294 1688 351 1717 tus
368 1694 479 1717 manu
497 1681 647 1729 propria
1067 1681 1148 1728 pria

244 1749 430 1784 Dommus
448 1748 692 1784 ALEXANDER
708 1748 940 1785 HENRISONE
1020 1749 1226 1785 MAGISTER
1256 1749 1437 1785 JOANNES
1467 1750 1760 1788 MANDERSTONE

294 1830 404 1853 manu
421 1817 572 1865 propria
1071 1830 1092 1852 a
1112 1816 1324 1853 Ormistoun

246 1885 452 1921 MAois'rER
484 1885 727 1920 anmus
760 1884 943 1921 SALMOND
1020 1885 1759 1924 DoMlNusJOANNEsBANNATYNEmanu

299 1966 409 1988 manu
428 1953 579 2000 propria
1075 1953 1225 2001 propria

243 2021 430 2056 Dominus
476 2020 608 2056 Dium
662 2019 742 2057 SYM
801 2020 948 2056 sacrista
1023 2020 1229 2057 JOHANNES
1250 2020 1429 2061 LYTHQW.

294 2101 403 2124 manu
424 2088 572 2136 propria

194 2207 364 2272 QmN'ro
392 2224 451 2259 die
481 2223 651 2260 Ofitobris
678 2236 774 2259 anno
793 2223 943 2258 Domini
973 2237 1006 2258 m
1028 2228 1061 2259 vc
1080 2224 1377 2272 quinquagesimo
1397 2227 1510 2261 tercio
1529 2239 1600 2274 quo
1619 2228 1676 2263 die
1695 2229 1756 2264 do-

194 2291 313 2326 minus
332 2291 539 2326 Willelmus
559 2291 769 2339 Yhownger
797 2291 969 2327 collector
995 2292 1181 2328 firmarum
1201 2294 1350 2329 ecclesie
1369 2294 1414 2329 de
1434 2294 1637 2342 Kyrkhurd
1656 2303 1692 2332 et
1711 2297 1756 2332 de

193 2359 334 2394 duobus
346 2358 570 2406 Lymphoyis
589 2364 625 2395 et
643 2359 750 2394 terris
768 2359 812 2394 de
829 2359 920 2406 Hyll
940 2362 1169 2408 congregatis
1189 2361 1437 2408 capitulariter
1457 2362 1557 2398 dedit
1575 2364 1754 2399 rationem

192 2433 302 2473 atque
330 2433 538 2475 computum
567 2428 714 2462 domino
743 2427 906 2474 Georgio
935 2427 1186 2475 Clappertoun
1217 2428 1397 2475 preposito
1429 2435 1463 2464 et
1492 2430 1577 2466 totis
1603 2431 1755 2478 preben-
