2147 2964
562 283 604 319 B.
633 282 803 318 MARIE
832 281 1077 319 VIRGINIS
1104 283 1174 319 DE
1204 282 1410 319 CAMPIS.
1701 284 1768 321 271

207 379 395 415 annuatim
415 380 451 415 in
471 381 531 416 die
550 381 669 417 obitus
696 381 808 416 nostri
837 382 872 416 in
902 382 1014 417 choro
1033 382 1126 417 diae
1149 381 1341 429 collegiate
1360 381 1509 417 ecclesie
1528 381 1660 416 deuote
1680 381 1771 416 cele-

207 447 354 483 brandis
373 467 379 474 ·
399 454 435 483 et
454 449 581 485 eodem
600 450 660 485 die
679 449 865 485 annuatim
885 462 951 496 pro
969 449 1156 485 elimosina
1177 455 1213 485 et
1232 449 1487 485 distributione
1506 449 1543 484 in
1571 461 1664 496 pane
1684 455 1771 496 potu

207 515 377 551 carnibus
394 516 451 551 vel
468 516 624 563 piscibus
642 529 707 565 pro
726 517 933 563 quindecim
953 517 1171 565 pauperibus
1190 517 1356 553 vndecim
1374 517 1504 552 solidos
1521 523 1556 552 et
1574 523 1646 552 tres
1663 517 1771 552 dena-

208 583 281 619 rios
301 584 471 620 videlicet
499 585 647 621 cuilibet
674 585 823 633 pauperi
852 597 918 632 per
945 586 980 620 se
1006 597 1139 621 nouem
1166 586 1338 620 denarios
1366 585 1503 621 scilicet
1530 586 1567 621 in
1587 598 1680 632 pane
1700 592 1772 621 tres

207 652 376 687 denarios
401 653 438 687 in
456 659 544 700 potu
563 658 637 688 tres
656 653 827 688 denarios
851 658 888 687 et
913 664 980 699 pro
1008 653 1178 688 carnibus
1206 653 1263 688 vel
1293 653 1449 700 piscibus
1477 660 1550 689 tres
1577 654 1746 689 denarios
1766 676 1772 681 -

207 731 350 755 necnon
369 719 560 755 Fratribus
580 719 787 755 Minoribus
815 720 860 754 de
881 719 1132 755 Obseruancia
1158 721 1243 755 diffi
1272 721 1397 767 oppidi
1418 721 1622 768 Edinburgi
1648 722 1772 757 decem

207 787 392 833 portiones
411 787 611 822 consimiles
630 788 869 822 extendentes
889 788 1077 823 annuatim
1096 789 1142 823 ad
1160 788 1295 835 septem
1315 788 1447 823 solidos
1462 796 1498 824 et
1513 789 1570 824 sex
1586 790 1773 825 denarios·

207 854 306 889 etsie
326 860 430 890 extra
448 854 581 890 dictam
607 855 876 902 dispositionem
904 855 1171 904 quinquaginta
1198 856 1308 891 trium
1335 856 1531 891 solidorum
1559 862 1594 892 et
1621 864 1775 904 quatuor

207 923 440 958 denariorum
466 922 604 958 restant
623 922 753 968 viginti
783 923 886 958 solidi
915 936 1021 969 quarn
1047 924 1220 958 summam
1248 936 1314 970 pro
1342 925 1574 970 reparatione
1602 924 1773 960 dictarum

207 997 387 1026 terrarum
419 996 583 1038 tempore
614 990 833 1027 necessitatis
866 991 929 1026 sub
959 991 1065 1027 firma
1093 991 1256 1027 custodia
1283 992 1321 1026 in
1353 993 1534 1027 communi
1568 992 1654 1028 cista
1682 993 1775 1028 dieto

207 1060 398 1107 collegiate
424 1060 573 1096 ecclesie
600 1073 666 1107 per
685 1061 819 1096 dietum
848 1059 1130 1107 prebendarium
1161 1059 1349 1095 annuatim
1378 1060 1632 1107 imponendam
1658 1066 1694 1095 et
1711 1061 1776 1095 ibi·-

207 1128 289 1163 dem
307 1128 593 1164 conseruandam
621 1129 699 1164 fore
725 1129 937 1164 ordinamus
964 1133 1000 1163 et
1027 1126 1244 1174 assignamus
1264 1149 1270 1155 -
1294 1127 1483 1164 Correaio
1504 1141 1589 1164 vero
1609 1135 1646 1164 et
1664 1130 1776 1164 refor—

207 1196 316 1232 matio
348 1196 555 1232 defefituum
585 1197 669 1232 diei
704 1196 938 1244 prependarii
975 1195 1074 1231 circa
1109 1195 1274 1243 regimen
1311 1195 1426 1231 diuini
1460 1196 1579 1232 cultus
1613 1197 1649 1232 in
1682 1197 1775 1233 dieto

207 1263 362 1310 collegio
392 1263 679 1310 contingentium
712 1265 758 1300 ad
789 1263 1009 1312 prepositum
1041 1263 1199 1299 eiusdem
1230 1264 1333 1298 cuius
1365 1264 1646 1300 iurisdictionem
1679 1265 1775 1300 idem

206 1331 472 1378 prebendarius
502 1331 633 1367 subibit
661 1344 742 1367 cuni
771 1332 962 1367 coercione
989 1331 1113 1367 debita
1141 1331 1351 1378 pertineant
1379 1332 1439 1378 qui
1467 1332 1580 1367 eciam
1608 1333 1644 1367 in
1673 1334 1776 1380 penis

207 1399 428 1447 pecuniariis
446 1400 506 1435 seu
525 1399 615 1436 alias
635 1400 829 1435 secundum
850 1400 983 1435 statuta
1010 1400 1168 1435 eiusdem
1195 1399 1345 1435 ecclesie
1364 1401 1513 1436 condita
1531 1406 1567 1436 et
1585 1402 1776 1437 condenda

208 1469 350 1504 eosdem
370 1468 530 1504 defeetus
548 1474 757 1516 permutare
777 1481 819 1504 ac
838 1468 962 1504 leuare
982 1468 1100 1503 valeat
1118 1468 1221 1516 possit
1240 1474 1275 1503 et
1294 1468 1425 1504 debeat
1437 1489 1444 1495 ·
1459 1468 1645 1504 Postremo
1664 1471 1774 1505 reser—

209 1549 336 1572 uamus
351 1537 455 1572 nobis
468 1537 624 1572 durante
640 1537 716 1572 vita
729 1537 852 1572 nostra
869 1536 1114 1572 omnimodam
1129 1535 1340 1571 facultatem
1357 1543 1393 1572 et
1407 1537 1607 1584 plenariam
1621 1538 1775 1584 potesta-

209 1610 280 1639 tem
301 1603 381 1653 [ad]
397 1604 531 1640 dietam
550 1603 709 1640 nostram
728 1604 978 1639 fundationem
998 1604 1201 1647 addendam
1223 1604 1494 1640 diminuendam
1516 1611 1551 1640 et
1566 1612 1775 1652 permutan—

210 1673 293 1708 dam
313 1685 355 1708 ac
375 1672 514 1719 singula
533 1673 684 1708 obscura
702 1678 739 1708 et
765 1673 885 1707 minus
904 1672 1004 1707 clara
1029 1672 1067 1706 in
1092 1673 1218 1707 eadem
1246 1673 1284 1707 in
1310 1673 1379 1707 suis
1397 1673 1538 1720 punffis
1558 1679 1594 1708 et
1613 1674 1776 1709 articulis

211 1741 484 1788 quibuscunque
505 1741 701 1776 secundum
730 1741 818 1776 iuris
845 1740 1067 1787 exigentiam
1091 1747 1127 1776 et
1146 1740 1433 1787 iurisperitorum
1454 1741 1641 1776 consilium
1661 1742 1776 1777 illuci-

212 1810 334 1845 danda
351 1828 358 1835 -
379 1808 558 1844 Volumus
586 1815 706 1844 autem
737 1814 773 1844 et
800 1808 1010 1843 ordinamus
1030 1809 1128 1855 quod
1147 1809 1171 1843 si
1191 1809 1287 1844 dicta
1313 1808 1434 1844 nostra
1458 1809 1623 1845 fundatio
1650 1811 1687 1845 in
1707 1811 1776 1845 suis

213 1877 355 1923 punenis
370 1882 406 1912 et
420 1876 582 1912 articulis
599 1876 850 1923 suprascriptis
869 1876 1010 1911 defefim
1027 1876 1205 1911 di&orum
1225 1876 1395 1923 prepositi
1413 1882 1449 1911 et
1463 1876 1612 1923 capituli
1628 1877 1775 1912 minime

214 1945 251 1979 in
270 1944 430 1980 futurum
449 1945 661 1980 obseruatur
682 1945 825 1980 defe8tu
854 1943 1058 1979 huiusmodi
1087 1955 1209 1979 coram
1238 1943 1356 1978 iudice
1376 1950 1604 1991 competente
1622 1946 1775 1992 probato

214 2018 392 2059 quatenus
411 2012 612 2060 prepositus
631 2019 667 2048 et
686 2012 883 2059 capitulum
911 2011 1060 2047 ecclesie
1087 2011 1277 2058 collegiate
1299 2010 1429 2047 83,ηὸὶο
1450 2012 1644 2049 Trinitatis
1663 2026 1775 2061 prope

215 2080 348 2116 di&um
381 2080 553 2126 oppidum
585 2079 788 2127 Edinburgi
815 2092 881 2127 pro
911 2086 1075 2125 tempore
1104 2078 1298 2114 existentes
1329 2079 1487 2115 habeant
1517 2087 1553 2115 et
1584 2081 1775 2128 disponant

217 2147 321 2194 super
348 2146 514 2194 presente
547 2147 671 2182 nostra
700 2147 912 2182 fundatione
939 2147 976 2182 in
1008 2146 1103 2181 dicta
1131 2147 1192 2181 sua
1219 2146 1413 2194 collegiata
1439 2148 1590 2183 ecelesia
1616 2150 1722 2184 modo
1741 2158 1776 2184 et

216 2216 333 2250 forma
351 2215 481 2261 quibus
500 2215 605 2262 supra
634 2214 681 2249 fic
708 2221 744 2250 et
773 2220 945 2261 tanquam
973 2227 994 2248 a
1022 2213 1200 2260 principio
1227 2213 1304 2249 eius
1331 2215 1457 2250 eadem
1487 2216 1652 2251 fundatio
1682 2217 1775 2252 salita

218 2281 381 2318 concessa
399 2282 615 2317 mortificata
633 2288 669 2317 et
688 2282 900 2317 confirmata
922 2281 1038 2316 fuisset
1053 2301 1060 2308 ·
1074 2286 1109 2316 et
1128 2281 1225 2327 quod
1244 2282 1314 2316 due
1333 2282 1435 2328 copie
1450 2283 1545 2318 dicte
1560 2283 1681 2319 nostre
1696 2285 1775 2319 fun—

217 2350 372 2385 dationis
390 2362 461 2385 vna
482 2349 650 2384 videlicet
680 2362 761 2384 cum
788 2348 969 2396 preposito
995 2354 1030 2383 et
1057 2348 1214 2395 capitulo
1242 2349 1382 2395 prefate
1409 2349 1601 2396 collegiate
1627 2352 1774 2387 ecclesie

220 2416 440 2452 Sanffiffime
461 2415 652 2452 Trinitatis
670 2429 782 2464 prope
802 2417 933 2451 diffisum
961 2416 1134 2463 oppidum
1160 2416 1198 2450 in
1224 2416 1386 2463 registris
1413 2417 1479 2452 suis
1497 2418 1613 2454 altera
1633 2432 1718 2454 vero
1737 2420 1772 2454 in
