2147 2964
342 278 410 314 194
637 271 955 310 REGISTRUM
981 271 1234 309 ECCLESIE
1263 271 1608 308 COLLEGIATE

340 374 377 408 in
397 373 490 420 pede
510 373 627 408 vltimi
647 372 807 420 compoti
836 372 873 407 ix
885 371 922 406 li.
942 371 1010 406 iis.
1031 384 1054 406 x
1067 371 1102 406 d.
1156 370 1205 406 Et
1224 370 1343 406 eidem
1369 383 1437 418 pro
1457 370 1626 406 omnibus
1653 371 1734 406 aliis
1753 372 1916 420 expensis

341 441 411 476 suis
431 447 469 477 vt
487 447 588 489 patet
611 441 648 476 in
675 440 770 476 libro
798 439 957 487 compoti
985 439 1037 474 sui
1062 452 1128 486 per
1155 445 1298 487 tempus
1317 440 1477 488 compoti
1497 439 1703 476 examinato
1723 447 1759 476 et
1778 440 1916 476 ostenso

489 577 640 614 Summa
658 577 897 625 expensarum
917 577 955 612 iie
974 576 1026 611 iiii
1038 576 1077 612 li.
1098 576 1132 612 vi
1145 576 1180 612 d.

339 647 387 683 Et
406 646 453 683 fic
472 647 610 683 restant
629 647 706 682 xlix
716 646 753 681 li.
776 646 827 681 xii
841 659 867 681 s.
887 659 911 681 x
924 646 959 681 d.
1013 645 1072 680 De
1092 645 1223 692 quibus
1250 650 1397 693 recepte
1416 657 1482 692 per
1500 645 1684 692 quondam
1704 645 1916 692 magistrum

338 716 547 752 Johannem
568 715 695 763 Brady
714 715 937 762 prepositum
964 726 1030 761 pro
1059 719 1224 761 tempore
1244 713 1288 749 de
1308 714 1450 749 duobus
1477 713 1605 761 primis
1625 713 1790 749 terminis
1809 713 1916 748 huius

338 784 498 831 compoti
526 784 571 819 de
598 782 705 818 dietis
731 782 845 818 firmis
873 782 918 817 de
938 781 1112 817 Ballerno
1139 787 1176 816 et
1193 781 1228 816 le
1249 781 1329 816 Hill
1356 781 1406 816 xii
1421 781 1456 817 li.
1485 781 1552 818 xiii
1565 794 1591 816 s.
1611 782 1664 817 iiii
1677 782 1710 816 d.
1764 781 1813 817 Et
1831 794 1918 829 pen·

338 853 426 888 dent
444 852 481 887 in
499 851 665 887 manibus
683 851 769 887 diffi
787 850 973 898 quondam
991 848 1162 897 prepositi
1182 854 1218 885 et
1235 849 1374 884 domini
1393 850 1438 884 de
1458 849 1538 884 Hill
1556 850 1708 885 Andree
1727 849 1914 885 Wardlaw

339 922 492 958 Andree
508 921 703 957 Robesoun
719 926 755 956 et
769 920 923 955 Andree
938 918 1123 954 VVelschot
1138 918 1183 953 de
1198 918 1339 953 duobus
1355 918 1521 953 terminis
1537 918 1685 953 secundi
1701 918 1789 953 anni
1808 918 1915 954 huius

339 990 495 1038 compoti
515 990 619 1025 xxiiii
633 990 671 1025 li.
691 988 757 1024 xiii
773 1001 800 1025 s.
819 989 926 1035 super
945 987 1076 1034 quibus
1096 986 1301 1022 vocandum
1321 987 1373 1021 est
1392 992 1602 1034 compotum
1621 987 1666 1021 de
1687 987 1830 1022 eisdem.

338 1059 386 1094 Et
414 1058 532 1094 eidem
560 1059 605 1094 de
632 1058 746 1093 firmis
773 1063 956 1093 terrarum
984 1055 1030 1091 de
1059 1054 1138 1090 Hill
1171 1067 1253 1090 cum
1285 1055 1416 1101 quibus
1443 1055 1634 1090 Johannes
1656 1055 1841 1091 XVardlaw
1871 1056 1915 1091 de

338 1127 550 1163 Recartoun
569 1125 764 1162 intromisit
783 1125 827 1160 de
847 1125 965 1159 decim
986 1123 1120 1158 vltimis
1140 1122 1305 1158 terminis
1325 1122 1432 1158 huius
1451 1123 1611 1170 compoti
1632 1124 1915 1159 extendentibus

338 1195 528 1231 annuatim
556 1195 602 1230 ad
629 1194 677 1229 vii
705 1200 840 1229 martas
867 1191 991 1240 precio
1020 1196 1169 1238 recepto
1196 1203 1263 1237 per
1291 1196 1562 1237 compotantem
1592 1192 1667 1226 xvii
1679 1192 1716 1227 li.
1745 1192 1770 1226 ii
1783 1205 1810 1227 s.
1833 1193 1914 1228 vid.

337 1264 434 1300 inter
453 1263 588 1298 dffium
607 1261 817 1297 Johannem
838 1265 873 1295 et
892 1258 1115 1307 prepositum
1135 1259 1390 1305 compotande.

438 1331 587 1368 Summa
605 1330 886 1378 pendentiarum
905 1327 971 1362 liiii
984 1327 1020 1361 li.
1041 1326 1079 1362 ix
1091 1339 1118 1361 s.
1137 1326 1164 1361 ii
1177 1326 1212 1361 d.

437 1398 586 1435 Summa
604 1397 726 1433 totalis
746 1395 984 1444 expensarum
1006 1407 1087 1430 cum
1107 1394 1360 1442 dependentiis
1380 1395 1418 1430 iic
1437 1395 1515 1431 lviii
1528 1396 1562 1432 li.
1583 1397 1617 1431 ix
1631 1409 1659 1432 s.
1682 1397 1744 1432 viii
1759 1397 1794 1432 d.

335 1549 417 1572 cum
436 1535 622 1571 laboribus
641 1535 711 1570 suis
739 1535 786 1570 ad
812 1533 1072 1581 reparaciones
1100 1531 1279 1567 librorum
1306 1537 1341 1566 et
1360 1532 1499 1568 fabrice
1520 1532 1615 1569 dicte
1635 1533 1785 1570 ecclesie
1805 1535 1912 1570 colle-

333 1607 430 1652 giate
451 1602 674 1640 Sanctiffime
695 1601 890 1638 Trinitatis
909 1602 1014 1649 super
1034 1606 1254 1647 compotum.
1308 1599 1356 1636 Et
1376 1600 1423 1636 fic
1443 1614 1547 1648 eque.

215 1809 283 1847 172
337 1794 537 1850 RENTALE
565 1809 610 1844 de
630 1808 757 1844 Vemis
784 1820 850 1855 per
870 1813 1036 1843 curatum
1064 1807 1223 1842 eiusdem
1252 1806 1451 1842 exhibitum
1480 1808 1595 1842 xxviii
1614 1807 1785 1844 Januarii
1813 1822 1909 1844 anno

336 1878 487 1914 Domini
506 1877 696 1913 millesimo
716 1875 1003 1924 quingentesimo
1022 1874 1202 1910 tricesimo
1221 1874 1351 1922 primo.

336 1947 430 1983 Item
455 1947 493 1982 ix
519 1945 650 1994 pannis
677 1945 850 1992 gangand
878 1943 999 1992 daylie
1031 1942 1083 1978 ilk
1109 1955 1181 1989 pan
1210 1942 1273 1977 viii
1301 1941 1375 1978 laid
1403 1943 1591 1978 makkand
1618 1943 1670 1978 ilk
1697 1944 1790 1979 weik
1817 1945 1908 1981 lxxii

337 2015 442 2050 laidis
469 2014 569 2062 price
594 2014 634 2049 of
657 2013 718 2048 the
741 2012 816 2048 laid
836 2012 899 2047 viii
912 2013 947 2047 d.
975 2011 1162 2047 makkand
1182 2010 1314 2059 weikly
1333 2011 1433 2047 xlviii
1446 2025 1472 2046 s.
1500 2013 1639 2048 summa
1656 2012 1694 2047 in
1714 2013 1775 2049 the
1794 2013 1908 2061 yhere

337 2084 360 2133 ic
378 2083 456 2118 xxii
468 2082 505 2117 li.
526 2081 586 2117 viii
598 2094 625 2116 s.

337 2151 429 2187 Item
449 2151 530 2186 thre
549 2149 681 2197 pannis
701 2148 872 2184 videlicet
893 2147 1001 2184 Schir
1016 2146 1178 2182 Patrikis
1196 2146 1221 2182 J
1225 2147 1343 2182 ohane
1362 2147 1520 2195 Wyndis
1538 2148 1618 2183 that
1635 2149 1765 2196 gangis
1785 2149 1906 2196 daylie

337 2220 409 2254 and
427 2218 554 2253 wantis
572 2217 658 2252 hors
677 2222 713 2252 to
731 2216 806 2251 leid
825 2216 887 2251 the
909 2216 985 2251 bait
1004 2215 1094 2251 colis
1113 2236 1120 2243 ·
1141 2215 1214 2250 and
1234 2215 1436 2252 Carnebeis
1463 2228 1535 2262 pan
1563 2215 1593 2250 is
1612 2221 1648 2251 to
1668 2228 1748 2251 cum
1770 2216 1808 2251 in
1828 2216 1905 2252 that

125 2297 176 2320 Non
189 2301 305 2322 oneratur.
338 2287 473 2322 standis
492 2286 528 2321 in
547 2285 613 2320 falt
631 2284 671 2320 of
690 2284 776 2319 hors
795 2304 802 2311 ·
820 2284 893 2319 and
914 2283 1015 2318 siclik
1034 2283 1094 2318 the
1121 2282 1307 2330 prowestis
1326 2283 1487 2330 quhilkis
1504 2284 1582 2318 suld
1604 2283 1752 2318 ansuere
1773 2284 1905 2331 weikly

1803 2351 1852 2358 ο...

341 2420 488 2456 Summa
507 2420 627 2455 totalis
646 2419 683 2455 in
702 2419 763 2454 the
790 2419 904 2466 yhere
931 2419 967 2454 lv
980 2419 1017 2453 li.
1045 2419 1082 2454 ix
1095 2432 1119 2453 s.
1145 2418 1197 2454 iiii
1211 2419 1242 2454 d.
1264 2418 1393 2464 quhilk
1420 2417 1484 2453 sall
1502 2417 1614 2453 nocht
1631 2417 1676 2452 be
1694 2423 1758 2465 put
1776 2418 1813 2453 in
1833 2419 1904 2454 this
