2147 2964
192 481 258 511 112

194 1234 262 1266 113

201 2061 267 2092 114

204 2263 271 2294 115

326 316 391 347 144
623 307 937 346 REGISTRUM
964 306 1220 345 ECCLESIE
1251 307 1593 345 COLLEGIATE
1619 297 1621 300 Α

323 463 512 517 JOANNES
544 478 695 514 Bowffln
727 477 910 525 Georgius
944 475 1127 511 Marchell
1155 473 1364 510 Willelmus
1406 474 1584 521 Youngar
1618 474 1901 511 Barthillomeus

324 547 429 596 Leny
466 547 649 582 Robertus
696 545 827 582 Stanes
864 544 1071 580 Willelmus
1119 542 1284 578 Sinclare
1319 542 1485 579 Joannes
1522 542 1675 579 Marehe
1713 543 1902 579 Gilbertus

327 616 549 663 Henrysoun
570 614 776 650 Richardus
804 612 993 661 Bynnyng
1020 611 1222 647 Lauentius
1252 612 1425 648 Gardner
1454 611 1638 647 Patricius
1663 611 1902 647 Howlatsoun

326 684 540 720 Alexander
562 681 782 717 Andersoun
812 680 994 716 Patricius
1025 679 1137 715 Mane
1168 679 1395 727 hospitularii
1424 686 1460 716 et
1487 680 1650 716 Jacobus
1679 680 1901 728 Henrysoun

326 755 416 789 dant
442 757 654 800 preceptum
676 750 788 786 safine
807 751 957 785 Andree
986 749 1159 784 Bowman
1193 754 1365 795 tanquam
1394 749 1521 784 heredi
1549 749 1608 785 aui
1636 749 1688 784 sui
1717 749 1898 796 quondam

328 822 481 858 Henrici
511 821 685 856 Bowman
713 819 750 854 in
770 817 990 865 Vtherogall
1021 817 1065 852 de
1098 816 1214 852 altera
1244 823 1348 863 parte
1376 818 1484 853 tertie
1511 817 1622 865 partis
1650 824 1832 853 terrarum
1857 818 1901 853 de

327 889 547 937 thierogall
576 888 673 924 infra
703 886 996 922 vicecomitatum
1026 885 1071 920 de
1099 884 1208 932 Fyff·
1228 890 1264 920 et
1295 885 1502 921 concedunt
1531 886 1624 921 diae
1648 887 1799 922 Andree
1826 887 1901 922 filio

326 966 362 996 et
380 959 506 995 heredi
527 956 717 1006 apparenti
737 954 930 991 Elizabeth
950 953 1229 989 Williamesoun
1258 953 1410 989 alteram
1436 961 1577 1001 partem
1599 955 1706 991 tertie
1724 955 1837 1003 partis
1856 956 1901 991 de

328 1026 549 1074 Vtherogall
567 1025 662 1061 diae
681 1023 873 1059 Elizabeth
902 1022 985 1057 olim
1010 1022 1257 1069 pertinentem
1282 1028 1317 1058 et
1338 1035 1402 1070 per
1422 1036 1501 1058 eam
1523 1023 1740 1071 resignatam
1762 1044 1768 1050 ·
1789 1024 1901 1071 Apud

329 1095 537 1142 Collegium
558 1097 605 1129 25
625 1091 849 1128 Nouembris
872 1094 978 1125 1580.

328 1217 455 1270 Imm
488 1230 714 1278 hospitularii
747 1229 909 1277 [Joanne
940 1227 1095 1263 Marche
1131 1234 1282 1275 excepto
1319 1234 1355 1263 et
1379 1227 1562 1263 Willehno
1601 1228 1729 1277 Smyth
1758 1229 1900 1277 addito]

328 1309 363 1337 et
382 1301 552 1348 magister
571 1298 758 1346 hospitalis
778 1297 986 1332 concedunt
1004 1296 1154 1331 Andree
1174 1295 1336 1331 Edisoun
1362 1296 1399 1330 in
1421 1295 1679 1345 Spittelmylne
1699 1304 1735 1333 et
1756 1298 1904 1334 Grissel-
1934 1336 1938 1343 1

327 1370 391 1405 lidi
412 1369 550 1417 Myllar
570 1368 647 1403 eius
674 1366 796 1415 sponse
824 1371 860 1401 et
887 1365 1082 1400 heredibus
1109 1364 1277 1399 masculis
1304 1363 1401 1400 inter
1428 1364 1523 1411 ipsos
1550 1366 1753 1412 procreatis
1773 1366 1903 1412 quibus

331 1436 586 1473 deficientibus
605 1434 736 1470 seniori
764 1433 940 1469 heredum
968 1432 1207 1468 feminearum
1237 1433 1368 1479 absque
1389 1432 1565 1468 diuifione
1585 1433 1715 1480 quibus
1734 1434 1904 1470 deficien-

329 1507 425 1542 tibus
444 1504 641 1541 heredibus
661 1503 814 1539 Andree
834 1501 1110 1549 quibuscunque
1138 1501 1303 1548 quintam
1330 1507 1470 1549 partem
1491 1508 1672 1538 terrarum
1692 1503 1737 1538 de
1758 1502 1905 1550 Spittel-

329 1574 452 1623 mylne
473 1579 508 1609 et
527 1571 727 1607 molendini
755 1570 912 1605 eiusdem
941 1569 1121 1604 iacentem
1150 1569 1247 1605 infra
1266 1569 1562 1606 vicecomitatum
1590 1572 1636 1606 de
1654 1571 1743 1619 Fyff
1762 1572 1903 1619 prefato

330 1643 479 1679 Andree
498 1641 599 1690 prius
617 1638 840 1675 hereditarie
857 1637 1104 1686 pertinentem
1123 1645 1159 1674 et
1176 1650 1242 1685 per
1259 1650 1342 1673 eum
1361 1651 1443 1674 cum
1464 1639 1637 1674 consensu
1657 1639 1782 1686 sponse
1797 1639 1905 1688 refig-

329 1717 452 1747 natam
474 1733 480 1740 -
501 1708 706 1745 Reddendo
732 1706 920 1742 annuatim
942 1705 1007 1741 223.
1027 1708 1049 1740 4
1064 1718 1091 1741 S.
1112 1705 1182 1742 6d.
1208 1712 1383 1753 tanquam
1401 1707 1544 1742 firmam
1563 1707 1770 1742 consuetam
1789 1713 1826 1743 et
1844 1711 1865 1742 4
1878 1721 1904 1744 s.

331 1781 369 1815 in
396 1777 734 1826 augmentationem
762 1773 914 1810 rentalis
936 1794 942 1800 ·
962 1779 998 1809 et
1025 1773 1236 1810 adiuuando
1263 1774 1446 1810 adducere
1474 1774 1632 1810 decimas
1660 1774 1705 1810 de
1729 1774 1851 1811 Eister
1869 1782 1905 1812 et

333 1847 464 1883 Vester
478 1845 618 1882 Wemis
637 1844 810 1891 magistro
829 1842 1017 1890 hospitalis
1036 1842 1083 1877 ad
1100 1841 1247 1877 hortum
1265 1842 1309 1877 de
1325 1841 1446 1878 Eister
1458 1841 1607 1878 Wemes
1624 1843 1766 1889 quoties
1785 1843 1904 1890 requi-

333 1916 386 1952 fiti
406 1915 542 1951 fuerint
562 1936 568 1943 -
590 1913 702 1960 Apud
725 1910 931 1959 Collegium
952 1922 1048 1946 anno
1067 1909 1218 1945 Domini
1241 1912 1348 1945 1580.

331 2037 474 2091 LnAsE
498 2052 538 2086 of
562 2051 622 2086 the
649 2049 769 2085 teinds
789 2048 828 2083 of
853 2047 914 2083 the
933 2046 1018 2081 west
1044 2051 1193 2093 quarter
1212 2047 1253 2081 of
1270 2047 1396 2094 Gogar
1423 2047 1472 2094 by
1491 2046 1553 2081 Μι-
1570 2045 1670 2081 John
1688 2045 1904 2082 Leirmonth

334 2127 370 2156 to
390 2120 516 2155 James
536 2118 781 2154 Richartsoun
802 2115 842 2151 of
859 2114 1038 2162 Smytoun
1058 2114 1116 2149 for
1136 2117 1180 2153 19
1199 2127 1307 2162 years
1326 2134 1333 2141 ·
1356 2117 1451 2149 1580
1489 2113 1687 2161 [Deleted]

335 2239 636 2294 Hosmumnu
664 2258 702 2288 et
727 2251 900 2298 magister
928 2249 1114 2297 hospitalis
1142 2250 1349 2286 concedunt
1365 2248 1505 2284 ‚Ioanni
1524 2247 1689 2283 Wilsoun
1716 2248 1846 2284 sartori
1868 2255 1904 2284 et

340 2322 529 2358 Elizabeth
546 2320 710 2356 Littister
724 2318 850 2355 heredi
870 2325 906 2354 et
924 2318 1027 2365 nepti
1047 2318 1230 2364 quondam
1248 2315 1400 2365 Georgii
1414 2316 1579 2352 Littister
1595 2315 1631 2350 in
1649 2314 1905 2364 Spittelmylne

340 2391 415 2426 eius
433 2391 555 2425 future
575 2388 720 2435 coniugi
740 2394 776 2423 et
794 2387 991 2422 heredibus
1018 2386 1185 2421 masculis
1211 2386 1309 2422 inter
1336 2385 1428 2432 ipsos
1451 2383 1652 2432 procreatis
1671 2383 1800 2429 quibus
1819 2385 1906 2421 defi-

342 2458 519 2494 cientibus
539 2456 667 2492 seniori
685 2455 862 2491 heredum
891 2454 1129 2489 feminearum
1157 2454 1289 2500 absque
1309 2451 1485 2488 diuisione
1505 2451 1633 2498 quibus
1653 2451 1907 2488 deficientibus
