2147 2964
139 2051 172 2083 ὲὺ

519 308 730 346 SANCTE
760 308 1079 345 TRINITATIS
1106 310 1177 346 DE
1206 310 1541 350 EDINBURGII.
1771 317 1817 351 63

245 407 406 443 oninium
424 413 460 443 et
481 408 703 456 singulorum
723 409 830 443 fidem
850 414 886 443 et
910 407 1154 443 testimonium
1179 410 1428 456 premill'orum
1448 411 1512 447 has
1532 412 1655 449 literas
1675 414 1815 450 nostras

245 475 359 522 sigillo
380 475 502 511 nostro
523 477 712 512 roboratas
732 477 832 523 signo
859 483 893 511 et
922 476 1191 523 subscripcione
1218 478 1353 513 notarii
1372 479 1507 526 publici
1529 480 1717 529 subscripti
1738 483 1815 518 sub-

243 543 348 579 scribi
377 550 413 579 et
443 543 622 592 publicari
652 544 904 579 mandauimus
931 545 1095 579 ·Datum
1123 552 1158 580 et
1190 549 1308 581 actum
1337 547 1434 593 apud
1462 548 1616 595 burgum
1644 550 1690 585 de
1717 550 1814 598 Lyn-

242 612 368 659 lithqw
388 612 585 659 predisstum
610 625 708 648 anno
732 612 790 647 die
818 612 937 647 mense
965 611 1171 648 indiccione
1195 620 1230 648 et
1257 615 1472 660 pontificatu
1502 617 1652 663 prefatis
1672 620 1814 666 presen-

242 680 336 716 tibus
354 680 489 715 ibidem
505 680 669 715 discretis
689 685 725 715 et
745 678 902 714 honestis
918 679 1006 714 viris
1025 679 1182 715 dominis
1199 680 1344 716 Thoma
1359 682 1403 716 de
1418 682 1639 730 Kirkpatrik
1652 685 1812 722 Patricio

242 748 388 784 Broune
413 747 585 784 Johanne
606 748 815 797 Pettygrew
842 747 1061 795 presbyteris
1088 747 1230 783 Jacobo
1259 748 1414 784 Stewart
1440 750 1611 786 Johanno
1642 752 1813 789 Neilsone

238 817 392 852 Andrea
412 816 590 864 Grynlaw
610 823 645 852 et
667 816 831 864 Georgio
853 816 962 852 Clerc
982 815 1131 852 testibus
1150 816 1197 851 ad
1214 818 1381 864 premissa
1402 819 1539 853 voeatis
1559 825 1594 855 et
1614 821 1762 868 rogatis.

338 884 385 921 Et
400 898 468 932 ego
484 884 666 920 Ricardus
682 884 835 920 Roberti
856 884 1044 933 presbyter
1059 884 1321 921 Sanffiandree
1342 886 1491 922 diocesis
1511 888 1678 934 publicus
1694 893 1812 925 autto-

389 953 498 988 ritate
528 952 711 1000 imperiali
743 952 908 989 notarius
940 958 976 988 et
1008 966 1131 989 coram
1164 954 1259 989 dieto
1294 956 1498 990 reuerendo
1531 964 1635 1003 patre
1665 958 1812 994 domino

387 1021 555 1069 episcopo
588 1021 710 1057 iudice
746 1021 784 1056 in
820 1021 1024 1057 huiusmodi
1057 1023 1164 1057 causa
1196 1022 1313 1057 scriba
1348 1023 1488 1058 iuratus
1520 1025 1607 1071 quia
1637 1026 1814 1062 dii-tarum

387 1090 576 1126 literarum
592 1090 874 1138 apostolicarum
891 1090 1204 1137 presentacioncm
1223 1092 1478 1139 recepcionein
1498 1094 1676 1141 causeque
1696 1095 1813 1132 huius-

385 1159 483 1194 modi
512 1158 779 1194 deduecionem
808 1165 843 1194 et
870 1159 1054 1194 sentencie
1082 1160 1332 1207 prolaeionem
1361 1161 1563 1209 ceterisque
1592 1165 1759 1200 omnibus
1779 1173 1813 1201 et

388 1227 536 1274 lingulis
555 1228 641 1263 dum
662 1227 709 1263 fic
730 1233 768 1262 ut
795 1227 1019 1274 premittitur
1046 1227 1258 1264 dicerentur
1285 1236 1320 1264 et
1348 1230 1480 1266 fierent
1504 1244 1659 1267 vnacum
1684 1247 1813 1281 preno-

387 1296 533 1331 minatis
558 1296 707 1331 testibus
734 1296 881 1344 presens
908 1296 1059 1331 interfui
1088 1309 1202 1343 eaque
1229 1298 1351 1332 onmia
1376 1305 1412 1333 et
1438 1298 1578 1346 singula
1604 1300 1651 1336 sic
1676 1302 1755 1338 fieri
1779 1311 1813 1338 et

392 1366 466 1401 dici
487 1366 561 1401 vidi
582 1372 617 1401 et
636 1366 762 1401 audiui
788 1379 830 1401 ac
858 1366 896 1400 in
916 1370 1039 1400 notam
1060 1365 1180 1412 recepi
1201 1365 1355 1412 ideoque
1375 1366 1444 1402 hoc
1462 1369 1609 1414 presens
1629 1370 1812 1416 publicum

392 1433 673 1469 instrumentum
694 1433 766 1469 siue
786 1435 971 1481 presentes
998 1432 1122 1468 literas
1146 1433 1349 1469 huiusmodi
1369 1435 1567 1481 processum
1586 1437 1623 1471 in
1644 1438 1678 1473 se
1698 1440 1812 1475 eonti-

388 1508 517 1538 nentes
547 1503 620 1538 liue
652 1502 846 1538 continens
878 1501 1010 1537 exinde
1039 1502 1181 1537 confeci
1211 1508 1246 1537 ct
1277 1502 1315 1537 iu
1340 1502 1434 1538 hanc
1457 1504 1638 1551 publicam
1659 1507 1812 1542 formam

388 1570 513 1618 redegi
534 1571 707 1618 signoque
737 1576 773 1606 et
805 1570 951 1605 nomine
977 1570 1065 1605 meis
1094 1570 1204 1605 solitis
1233 1577 1267 1606 et
1297 1572 1477 1608 consuetis
1498 1585 1652 1608 vnacum
1678 1588 1811 1623 appen-

389 1639 484 1674 sione
506 1638 611 1686 figilli
631 1638 719 1674 dieti
739 1638 875 1673 domini
896 1638 1053 1686 episcopi
1082 1645 1117 1675 et
1143 1639 1275 1675 iudicis
1299 1639 1438 1687 [ignaui
1462 1648 1611 1689 rogatus
1630 1650 1666 1679 et
1692 1646 1811 1692 requi-

388 1707 472 1742 fitus
491 1708 529 1742 in
548 1707 656 1743 fidem
677 1713 712 1742 et
732 1706 978 1742 testimonium
998 1708 1157 1743 oninium
1179 1714 1213 1743 et
1234 1708 1457 1756 singulorum
1476 1710 1738 1757 premilsorum.

240 1855 486 1891 Confirmacio
515 1854 746 1890 fundacionis
775 1854 924 1890 ecelefie
954 1855 1146 1904 collegiate
1177 1855 1309 1892 Sancte
1339 1855 1532 1892 Trinitatis
1560 1863 1595 1893 et
1625 1859 1810 1907 hospitalis

238 1936 440 1971 pauperum
460 1936 572 1971 prope
592 1923 862 1970 Edinburgum.

237 2031 421 2084 JACOBUS
449 2047 521 2083 Dei
553 2053 588 2082 et
617 2047 815 2094 apostolice
848 2047 938 2082 sedis
969 2047 1096 2094 gracia
1129 2046 1390 2083 Sanctiandree
1418 2048 1606 2096 episcopus
1634 2051 1806 2087 vniuersis

237 2116 356 2152 fauete
376 2116 503 2152 matris
522 2115 671 2151 ecclesie
690 2114 771 2150 filiis
795 2115 841 2149 ad
869 2127 1023 2161 quorum
1052 2115 1207 2151 noticias
1234 2117 1419 2163 presentes
1447 2116 1552 2153 litere
1570 2120 1807 2165 peruenerint

238 2184 385 2220 salutem
420 2184 456 2219 in
487 2184 647 2219 omnium
681 2182 871 2219 Saluatore
897 2203 904 2210 ·
930 2182 1112 2229 Splendor
1143 2188 1269 2218 eterne
1299 2183 1416 2231 glorie
1448 2185 1507 2231 qui
1540 2185 1602 2220 sua
1632 2188 1807 2223 mundum

238 2252 419 2287 illuminat
446 2250 621 2287 ineffabili
650 2251 815 2286 claritate
842 2251 903 2298 pia
931 2257 1015 2286 vota
1041 2250 1202 2286 fidelium
1230 2251 1275 2286 de
1302 2253 1362 2287 sue
1388 2252 1582 2288 maiestatis
1607 2253 1807 2292 clemencia

238 2327 312 2355 tum
332 2320 492 2368 benigno
520 2320 645 2355 fauore
674 2319 904 2366 prosequitur
932 2331 1012 2354 eum
1041 2318 1175 2354 deuota
1202 2318 1360 2366 ipsorum
1388 2320 1572 2357 humilitas
1592 2328 1627 2358 et
1647 2323 1806 2360 sincerus

237 2388 384 2424 affectus
415 2388 452 2423 in
483 2387 600 2422 diuini
632 2386 751 2422 cultus
783 2393 1018 2434 augmentum
1048 2387 1194 2422 feruore
1225 2387 1462 2424 dinoscuntur
1490 2411 1497 2418 ·
1528 2390 1606 2426 Nos
1640 2405 1724 2427 vero
1761 2395 1805 2430 de

239 2457 375 2503 superis
395 2456 441 2491 ad
459 2455 636 2491 inferiora
655 2455 829 2490 deriuatis
850 2455 1022 2502 exemplis
1040 2455 1108 2502 piis
1125 2455 1312 2491 delideriis
1332 2457 1502 2505 iustisque
1520 2459 1803 2507 supplicancium
