2147 2964
732 280 924 317 DOMUS
952 279 1022 315 DE
1053 279 1268 317 SOLTRE.
1775 282 1794 320 7

215 440 329 478 Carta
348 442 487 478 domini
507 442 682 479 Willelmi
701 443 798 491 regis
819 441 946 479 Scocie
966 444 1011 479 de
1031 443 1182 480 diuersis
1200 444 1415 492 priuilegiiS.

214 555 448 608 Willelmus
469 571 542 607 Dei
569 572 696 620 gracia
723 584 787 608 rex
809 571 1019 608 Scottorum
1047 568 1225 616 episcopis
1252 568 1443 604 abbatibus
1471 568 1663 604 comitibus
1681 569 1785 605 baro-

215 639 321 675 nibus
364 640 571 676 iusticiariis
615 640 888 676 vicecomitibus
932 637 1124 687 prepositis
1168 636 1342 672 ministris
1387 643 1422 672 et
1462 638 1628 673 omnibus
1664 638 1787 685 probis

214 708 420 745 hominibus
448 709 564 746 tocius
591 715 689 745 terre
714 711 775 745 sue
805 709 956 745 salutem
976 728 983 735 ·
1007 705 1134 743 Sciant
1160 706 1346 752 presentes
1371 711 1406 740 et
1432 704 1546 740 futuri
1573 718 1630 741 me
1654 706 1787 742 dedisse

213 783 249 813 et
280 778 483 815 conceffisl'e
519 784 555 815 et
596 780 665 815 hac
700 779 860 827 presenti
896 782 1000 814 carta
1039 787 1121 810 mea
1165 773 1390 809 confirmasse
1426 773 1509 809 Deo
1545 780 1581 809 et
1619 774 1785 822 hospitali

215 845 348 883 Sancte
381 847 576 884 Trinitatis
611 848 656 884 de
693 847 814 884 Soltre
851 858 975 882 omnes
1006 843 1230 880 donaciones
1259 847 1440 877 terrarum
1473 848 1509 877 et
1536 842 1723 878 hominum
1752 849 1788 878 ot

213 912 479 949 elimosinarum
513 927 583 962 que
618 914 669 950 eis
700 913 975 950 racionabiliter
1008 912 1092 947 date
1128 911 1210 946 sunt
1241 910 1279 946 in
1307 910 1474 946 omnibus
1503 911 1612 946 rebus
1645 917 1681 947 et
1709 913 1787 959 pos·

214 980 420 1018 seffionibus
451 983 646 1019 mundanis
682 983 720 1018 in
752 989 852 1018 terra
881 995 964 1017 mea
991 1001 998 1009 ·
1029 980 1155 1023 Quare
1187 979 1270 1014 volo
1305 985 1341 1015 et
1370 979 1525 1015 firmiter
1553 979 1720 1027 precipio
1750 987 1787 1015 vt

212 1050 416 1096 predictum
448 1051 624 1100 hospitale
658 1058 693 1088 et
722 1052 853 1087 fratres
885 1050 1019 1087 ibidem
1055 1048 1138 1085 Deo
1170 1048 1370 1084 seruientes
1402 1061 1527 1084 omnes
1561 1048 1787 1096 possessiones

213 1124 248 1153 et
279 1118 483 1155 elimosinas
515 1120 594 1156 suas
629 1120 790 1156 habeant
821 1126 857 1156 et
886 1123 1036 1156 teneant
1068 1130 1150 1153 cum
1182 1116 1288 1152 socca
1321 1122 1357 1151 et
1389 1117 1492 1152 sacca
1519 1130 1602 1152 cum
1631 1117 1719 1153 tolle
1751 1124 1786 1153 et

213 1186 310 1222 them
338 1193 373 1222 et
400 1187 660 1236 infangenthef
682 1195 718 1224 et
745 1201 827 1224 cum
860 1187 1026 1222 omnibus
1053 1185 1132 1221 aliis
1164 1184 1394 1220 libertatibus
1426 1191 1462 1220 et
1489 1185 1615 1221 liberis
1640 1186 1786 1222 consue-

213 1254 400 1290 tudinibus
419 1262 456 1291 et
474 1256 693 1303 quietanciis
717 1256 787 1291 suis
814 1256 852 1291 in
878 1255 985 1291 bosco
1005 1260 1041 1290 et
1067 1254 1178 1301 plano
1206 1253 1243 1288 in
1267 1253 1382 1301 pratis
1410 1260 1446 1289 et
1469 1254 1610 1301 pascius
1629 1254 1665 1289 in
1683 1255 1786 1302 aquis

214 1328 249 1356 ct
274 1323 491 1358 molendinis
516 1324 553 1359 in
576 1324 644 1359 viis
673 1329 708 1359 et
736 1323 868 1358 semitis
896 1323 933 1358 in
959 1322 1071 1357 moris
1095 1328 1132 1357 et
1158 1321 1338 1357 marrefiis
1366 1322 1404 1357 in
1428 1322 1565 1370 stagnis
1584 1328 1620 1358 et
1639 1323 1786 1359 vinariis

214 1390 249 1425 in
270 1391 434 1438 grangiis
457 1397 492 1426 et
511 1391 679 1437 virgultis
704 1391 799 1426 infra
824 1391 980 1438 burgum
1008 1397 1044 1425 et
1071 1395 1176 1425 extra
1203 1395 1238 1425 et
1265 1389 1303 1424 in
1323 1390 1490 1425 omnibus
1517 1391 1626 1426 rebus
1653 1391 1785 1427 liberas

213 1464 248 1493 et
267 1459 408 1506 quietas
428 1460 472 1495 de
491 1459 635 1507 placitis
654 1465 689 1495 et
709 1459 867 1506 querelis
894 1465 930 1494 et
957 1458 1118 1505 scutagio
1147 1457 1282 1493 auxilio
1310 1457 1403 1493 afifis
1433 1465 1469 1494 et
1496 1459 1541 1494 de
1565 1460 1784 1506 operacione

213 1527 442 1563 castellorum
469 1534 506 1563 et
534 1528 706 1575 poncium
726 1534 762 1564 et
791 1528 835 1563 dc
860 1527 1042 1575 blodwyte
1065 1533 1101 1563 ct
1128 1527 1173 1562 dc
1201 1526 1376 1575 fehtwyte
1406 1534 1442 1564 et
1461 1528 1602 1574 quietas
1622 1529 1667 1564 de
1687 1530 1784 1565 omni

212 1596 372 1632 tolloneo
391 1602 427 1631 et
445 1595 602 1643 passagio
631 1602 666 1631 et
693 1596 867 1643 pontagio
895 1602 931 1632 et
959 1595 1110 1643 lestagio
1138 1601 1173 1630 et
1198 1594 1371 1642 estalagio
1391 1601 1426 1631 et
1445 1596 1490 1632 de
1510 1597 1609 1631 omni
1629 1597 1782 1633 seculari

211 1664 364 1699 seruicio
394 1671 429 1700 et
457 1676 567 1711 opere
595 1664 716 1700 seruili
744 1670 779 1700 et
809 1665 1005 1700 exaccione
1035 1670 1071 1700 et
1100 1665 1144 1699 de
1170 1664 1338 1699 omnibus
1364 1664 1444 1699 aliis
1464 1664 1783 1702 consuetudinibus

211 1732 431 1767 secularibus
456 1737 610 1779 excepta
634 1732 708 1768 sola
735 1733 876 1768 iusticia
899 1732 1026 1768 mortis
1053 1739 1089 1769 et
1113 1732 1358 1768 membrorum
1383 1738 1419 1767 et
1445 1733 1607 1780 exceptis
1626 1740 1783 1781 quatuor

210 1800 369 1847 querelis
388 1813 458 1848 que
483 1801 530 1836 ad
558 1813 731 1837 coronam
758 1814 875 1837 meam
903 1801 1088 1849 pertinent
1113 1800 1250 1836 scilieet
1275 1801 1320 1835 de
1344 1801 1490 1836 roberia
1514 1802 1558 1837 de
1577 1803 1718 1838 murdir
1737 1803 1781 1839 de

209 1869 459 1905 combustione
485 1874 521 1905 et
548 1869 593 1906 de
622 1870 759 1906 semina
788 1870 978 1906 efforciata
1002 1891 1011 1898 ·
1037 1869 1162 1912 Quare
1189 1869 1271 1904 volo
1301 1876 1337 1905 et
1367 1869 1521 1905 firmiter
1551 1871 1712 1919 precipio
1745 1878 1782 1907 vt

210 1938 342 1974 fratres
368 1938 541 1974 anteditffi
569 1938 692 1974 omnia
716 1938 917 1986 prescripta
948 1938 1107 1974 habeant
1130 1944 1166 1973 et
1194 1943 1343 1973 teneant
1367 1937 1405 1972 in
1428 1938 1579 1974 liberam
1599 1946 1635 1976 et
1653 1953 1781 1988 perpe—

210 2012 308 2042 tuam
329 2006 552 2041 elimosinam
578 2019 645 2054 pro
671 2019 794 2042 amore
812 2006 886 2042 Dei
913 2012 949 2042 et
968 2020 1034 2055 pro
1060 2007 1182 2042 anima
1199 2006 1296 2053 regis
1315 2005 1441 2042 Dauid
1460 2007 1519 2042 aui
1538 2008 1608 2043 mei
1630 2014 1666 2044 et
1684 2009 1781 2057 regis

209 2074 398 2111 Malcolmi
415 2075 538 2110 fratris
557 2074 629 2110 mei
648 2081 684 2111 et
711 2087 778 2122 pro
806 2075 927 2110 anima
957 2075 1100 2111 comitis
1132 2074 1288 2110 Hem-ici
1317 2075 1432 2122 patris
1458 2076 1529 2112 mei
1557 2083 1593 2112 et
1618 2078 1780 2113 omnium

210 2142 470 2179 antecessorum
489 2149 524 2179 et
542 2143 717 2179 heredum
736 2156 897 2179 meorum
914 2164 920 2172 ·
936 2144 1086 2180 testibus
1102 2143 1263 2192 Hugone
1283 2144 1504 2180 cancellario
1522 2158 1603 2180 meo
1619 2145 1780 2182 Ricardo

209 2212 254 2248 de
273 2212 459 2260 prebenda
477 2212 612 2248 clerico
639 2224 720 2248 meo
739 2211 901 2248 Ricardo
929 2218 965 2248 et
984 2212 1150 2248 Waltero
1186 2212 1385 2260 capellanis
1408 2214 1498 2249 meis
1518 2213 1687 2250 Rolando
1706 2215 1780 2251 filio

211 2280 343 2316 Vtredi
367 2280 567 2316 iusticiario
595 2280 762 2316 waltero
792 2280 837 2315 de
868 2280 1067 2329 Lyndifl'ay
1097 2280 1293 2317 iusticiario
1311 2281 1500 2318 Willelmo
1533 2284 1664 2319 comite
1688 2283 1780 2320 Wil—

210 2349 318 2385 lelmo
338 2349 382 2385 de
404 2349 623 2386 Someruilla
638 2349 784 2384 Thoma
803 2348 848 2384 de
865 2348 1031 2385 Coleuile
1046 2349 1218 2385 Johanne
1237 2349 1455 2386 Marescallo
1471 2372 1478 2380 ·
1494 2351 1631 2388 Datum
1652 2352 1779 2400 quinto

210 2418 267 2454 die
286 2417 442 2465 Augusti
461 2417 557 2465 apud
579 2416 845 2465 Hadyngtoun.
