2147 2964
829 285 901 321 DE
928 285 1243 324 RESTALRIG.
1751 293 1818 325 281

250 382 311 429 qui
330 383 422 419 viam
443 383 609 420 vniuerse
629 384 749 420 carnis
776 384 952 433 ingressus
978 385 1182 421 huiusmodi
1209 386 1469 422 fundacionem
1488 387 1718 423 dotacionem
1739 401 1819 436 pre-

250 451 581 499 bendariorumque
601 465 793 488 numerum
820 453 1032 489 execucioni
1052 454 1173 489 debite
1196 454 1345 490 minime
1364 455 1601 490 demandauit
1620 476 1627 483 ·
1649 455 1817 491 Tandem

249 518 556 555 metuendiffimus
591 526 628 556 et
662 520 911 556 invi&issimus
943 521 1114 568 princeps
1147 521 1309 557 Jacobus
1347 521 1540 558 Scotorum
1572 535 1635 558 rex
1667 530 1818 570 quartus

250 586 370 622 noster
388 587 616 634 predecessor
635 594 671 623 ct
689 594 794 635 pater
813 588 1011 624 carissimus
1037 602 1126 636 opus
1154 596 1228 625 tam
1255 590 1394 637 insigne
1422 596 1458 625 et
1485 591 1674 638 egregium
1694 592 1818 627 melio-

248 667 325 689 rem
352 655 389 690 in
418 655 535 690 diuini
562 656 680 692 cultus
707 662 944 704 augmentum
972 657 1098 692 volens
1125 657 1244 693 sortiri
1272 658 1437 693 effectum
1457 660 1536 693 oeto
1556 660 1818 705 prebendarios

247 722 285 757 in
302 723 398 758 dista
416 723 568 759 ecclesia
586 724 783 771 collegiata
801 724 985 760 ordinauit
1004 725 1148 760 eosdem
1176 725 1350 760 fruStibus
1369 725 1525 760 ree-„orie
1547 724 1678 761 Sanete
1698 726 1817 763 Marie

247 791 291 826 de
308 790 427 838 Rosay
446 791 483 826 in
500 791 599 839 Buyt
619 791 831 827 Sodorenfis
850 792 1001 828 dioeefis
1018 805 1061 828 ac
1080 792 1168 827 iuris
1194 798 1408 840 patronatus
1426 793 1520 839 regii
1540 794 1816 842 capellaniaquc

248 857 379 894 Sanfite
400 858 587 894 Triduane
607 865 643 895 et
663 859 792 907 viginti
816 860 917 895 libris
944 860 1056 895 annui
1084 860 1249 895 redditus
1267 861 1353 895 noui
1377 860 1512 908 Operis
1531 861 1644 897 nostri
1666 862 1815 910 Regalis

246 925 281 961 in
301 926 409 962 Leith
429 926 549 962 situati
575 940 640 975 per
659 926 866 974 vestrasque
894 929 1134 975 paternitates
1164 928 1271 963 vnitis
1298 929 1490 964 annexatis
1519 929 1761 977 incorporatis
1781 937 1816 966 et

245 994 368 1030 diuifis
392 995 534 1031 dotauit
554 1001 592 1031 ut
620 995 658 1031 in
685 995 887 1031 euidenciis
915 996 1068 1044 desuper
1090 997 1264 1032 confectis
1290 996 1434 1044 plenius
1463 999 1670 1034 continetur
1688 1019 1695 1026 ·
1715 1000 1776 1046 qui
1797 1012 1815 1033 e

243 1063 363 1099 medio
383 1063 542 1099 sublatus
557 1065 728 1111 cuiusque
743 1063 862 1100 anime
877 1064 1104 1112 propicietur
1117 1064 1320 1100 Altiflimus
1336 1065 1539 1101 huiusmodi
1556 1066 1815 1103 fundacionem

242 1132 570 1179 prebendariorum
602 1132 847 1179 predi&orum
877 1133 1172 1168 nominacionem
1198 1134 1395 1169 secundum
1423 1134 1588 1181 primeue
1615 1135 1815 1170 ereccionis

248 1212 313 1247 per
340 1200 474 1235 dictum
511 1200 764 1236 faustissimum
796 1200 984 1236 dominum
1012 1201 1176 1236 nostrum
1215 1201 1376 1237 concesse
1412 1202 1567 1238 formam
1603 1209 1638 1238 et
1671 1203 1814 1239 ordina-

248 1267 390 1302 cionem
419 1268 466 1303 ad
494 1271 612 1303 actum
642 1268 804 1303 debitum
833 1268 983 1305 minime
1011 1270 1182 1317 perduxit
1207 1292 1214 1299 ·
1236 1270 1315 1306 Nos
1344 1283 1430 1306 vero
1457 1271 1747 1318 predecessorum
1780 1281 1814 1308 et

245 1336 521 1383 progenitorum
552 1335 757 1371 nostrorum
789 1337 850 1384 pia
882 1344 966 1372 vota
996 1338 1156 1373 racionis
1188 1338 1293 1373 oculo
1325 1339 1492 1374 interiori
1525 1340 1814 1387 contemplantes

243 1404 477 1451 corporisque
509 1404 625 1440 oculis
657 1404 840 1440 intuentes
872 1405 1104 1440 saluberimas
1136 1419 1334 1453 eorumque
1366 1407 1571 1443 voluntates
1599 1409 1812 1444 continuum

244 1472 368 1508 volens
387 1473 574 1520 perpetuis
600 1473 732 1508 futuris
760 1473 983 1521 temporibus
1011 1474 1130 1509 sortiri
1157 1474 1425 1510 incrementum
1453 1481 1489 1511 et
1508 1476 1607 1522 quod
1633 1476 1747 1512 eciam
1767 1478 1812 1512 ab

244 1540 308 1576 eiis
340 1540 462 1576 arduis
498 1541 603 1589 regni
637 1541 834 1589 prepeditis
870 1542 1033 1589 negociis
1070 1548 1106 1578 et
1142 1542 1289 1578 interim
1321 1556 1340 1578 e
1371 1543 1492 1579 medio
1523 1544 1670 1580 sublatis
1702 1545 1811 1580 fuerit

243 1608 472 1656 aliquatenus
500 1609 662 1645 omissum
689 1615 725 1644 et
751 1610 984 1645 inexecutum
1005 1610 1168 1645 volumus
1196 1611 1422 1658 summopere
1448 1624 1514 1658 per
1533 1624 1598 1646 nos
1622 1619 1658 1647 et
1677 1612 1809 1648 succes-

243 1677 339 1712 sores
354 1677 495 1712 nostros
509 1677 724 1712 lucidiorem
739 1683 776 1713 et
794 1677 1008 1724 ampliorem
1023 1678 1190 1725 accipere
1210 1679 1512 1714 reformacionem
1530 1685 1566 1715 et
1584 1680 1810 1728 supplemen-

244 1751 319 1780 tum
339 1765 346 1772 ·
363 1745 592 1781 Percelibres
611 1745 722 1793 igitur
739 1753 862 1793 patres
879 1746 963 1781 dum
984 1746 1082 1781 intra
1098 1747 1230 1782 mentis
1248 1746 1410 1781 archana
1425 1747 1635 1782 reuolumus
1651 1761 1808 1795 quonam

242 1815 348 1859 pafilm
368 1813 576 1849 Beatiffima
596 1813 759 1849 Trinitas
779 1813 890 1849 Pater
916 1813 1030 1848 Filius
1058 1821 1093 1849 et
1123 1813 1279 1861 Spiritus
1309 1813 1460 1850 Sanetus
1487 1816 1658 1862 potencia
1683 1816 1809 1852 ineffa-

243 1881 304 1915 bili
324 1894 367 1916 cx
387 1881 523 1916 nichilo
542 1884 673 1917 cunfflffi
696 1881 773 1916 eius
802 1881 985 1928 sapiencia
1012 1882 1151 1917 creauit
1177 1882 1315 1929 lapsum
1343 1883 1517 1918 mundum
1537 1882 1622 1918 Filii
1641 1884 1808 1920 incarna-

243 1950 348 1985 cione
367 1951 412 1985 ab
431 1950 564 1985 inferni
584 1950 748 1985 faucibus
766 1950 937 1985 liberauit
956 1963 997 1985 ac
1017 1949 1139 1985 Sanni
1161 1949 1317 1997 Spiritus
1336 1950 1491 1985 mirifica
1508 1950 1751 1998 inspiracione
1773 1960 1808 1988 et

244 2017 444 2053 clemencia
463 2017 631 2053 vniuersa
650 2031 720 2065 que
740 2018 808 2053 celi
835 2018 974 2053 ambitu
1002 2018 1236 2052 continentur
1255 2018 1291 2052 in
1311 2018 1420 2052 finem
1440 2026 1703 2066 congruentem
1724 2021 1807 2055 diri-

241 2085 294 2132 git
314 2085 478 2133 cogimur
497 2086 580 2121 sane
608 2087 825 2133 compun&o
853 2085 963 2121 corde
990 2091 1141 2132 peccata
1168 2085 1301 2121 deflere
1329 2085 1611 2122 satiffaceionem
1639 2089 1806 2123 conando

243 2153 408 2200 cogimur
423 2153 538 2188 eciam
554 2153 749 2201 Virginem
767 2151 953 2202 [exorare]
969 2153 1139 2188 thronum
1154 2153 1238 2188 Filii
1253 2153 1326 2188 Dei
1346 2166 1427 2188 cum
1443 2153 1578 2189 fiducia
1592 2161 1627 2190 et
1645 2155 1806 2191 lacrimis

242 2221 343 2256 adire
362 2233 427 2267 per
446 2233 553 2267 quam
580 2221 740 2256 humano
767 2221 895 2268 generi
922 2220 1014 2255 salus
1041 2226 1169 2256 eterna
1195 2221 1365 2268 apparuit
1384 2235 1454 2269 que
1473 2222 1588 2258 eciam
1607 2236 1673 2269 pro
1693 2223 1805 2259 salute

239 2289 401 2324 fidelium
420 2289 593 2325 continuo
609 2289 748 2336 Regem
764 2301 871 2336 quem
890 2289 1017 2335 genuit
1036 2295 1161 2324 exorat
1177 2308 1183 2315 ·
1200 2288 1385 2330 Quocirca
1404 2303 1485 2325 cum
1505 2291 1720 2327 reuereneia
1734 2304 1804 2338 que

246 2357 353 2393 matri
373 2357 536 2392 defertur
554 2356 608 2392 illi
627 2357 742 2392 eciam
761 2357 822 2404 qui
842 2369 920 2392 eam
945 2357 1053 2392 talem
1080 2357 1167 2392 facit
1188 2363 1226 2393 ut
1246 2357 1347 2404 virgo
1366 2364 1402 2393 et
1418 2364 1534 2394 mater
1553 2360 1637 2394 esset
1655 2359 1803 2395 indubie

240 2425 432 2461 exhibetur
451 2426 496 2461 ab
515 2424 583 2460 ima
602 2425 757 2473 pectoris
784 2425 1016 2461 reuoluentes
1043 2426 1139 2471 quod
1161 2425 1219 2461 vbi
1238 2426 1393 2474 suppetit
1412 2426 1630 2463 diuiciarum
1649 2428 1802 2465 facultas

968 2496 990 2528 ‘2
1011 2506 1032 2528 N
