2147 2964
151 1341 173 1375 θ’

375 795 657 842 ECCLESIA
701 795 1063 841 GOLLEGIATA
1104 795 1178 841 DE
1225 794 1680 841 CORSTORPHINE.

242 1130 506 1175 [Confirmacio
525 1131 739 1167 donacionis
759 1131 843 1167 Ade
865 1130 896 1166 F
898 1132 1036 1167 orstare
1056 1132 1180 1167 militis
1199 1145 1264 1180 pro
1286 1131 1547 1168 sustentaeione
1568 1132 1678 1167 trium
1697 1132 1814 1179 capel-

241 1199 406 1235 lanorum
426 1200 462 1236 in
482 1200 623 1248 capella
642 1200 748 1236 Beati
767 1199 792 1236 J
795 1200 949 1236 ohannis
967 1199 1151 1248 baptiste.]

236 1319 420 1372 JACOBUS
447 1336 518 1372 Dei
546 1337 672 1383 gracia
700 1349 764 1371 rex
793 1335 1002 1372 Scottorum
1022 1337 1188 1372 omnibus
1207 1336 1332 1384 probis
1351 1336 1558 1371 hominibus
1579 1336 1696 1372 tocius
1716 1342 1812 1371 terre

239 1406 297 1439 suc
317 1404 460 1440 clericis
488 1410 523 1440 et
551 1404 654 1440 laicis
679 1405 828 1440 salutem
848 1426 854 1433 -
876 1404 1005 1440 Sciatis
1025 1417 1090 1440 nos
1110 1405 1156 1440 ad
1174 1404 1320 1440 laudem
1341 1410 1376 1440 et
1395 1404 1572 1439 honorem
1592 1403 1663 1439 Dei
1686 1403 1813 1440 Omni-

237 1472 396 1517 potentis
415 1471 529 1507 Beate
550 1472 669 1508 Marie
690 1472 842 1520 virginis
861 1472 988 1508 matris
1015 1467 1074 1508 sue
1095 1472 1201 1509 Beati
1219 1472 1402 1508 Johannis
1422 1471 1575 1520 baptiste
1595 1478 1631 1507 et
1650 1472 1810 1508 omnium

236 1541 437 1575 sanctorum
453 1540 525 1575 Dei
541 1539 674 1576 dedisse
691 1539 893 1576 conceffiffe
914 1547 949 1576 et
968 1540 1036 1576 hac
1055 1540 1213 1588 presenti
1233 1546 1335 1576 carta
1348 1540 1472 1576 nostra
1487 1540 1711 1576 confirmasse
1727 1540 1810 1575 Deo

235 1616 270 1644 et
298 1608 410 1644 Beato
439 1608 559 1644 Marie
588 1608 722 1656 virgini
756 1621 798 1644 ac
830 1608 998 1644 omnibus
1029 1608 1158 1644 sanetis
1189 1608 1403 1656 supradictis
1431 1609 1477 1643 ad
1504 1608 1808 1644 sustentacionem

236 1676 343 1711 trium
365 1676 640 1723 capellanorum
660 1677 788 1712 diuina
808 1676 1078 1712 celebrancium
1097 1683 1132 1712 et
1152 1677 1420 1724 imperpetuum
1440 1676 1753 1712 celebraturorum
1773 1677 1808 1711 in

235 1744 376 1792 capella
396 1744 500 1780 Beati
519 1744 700 1780 Johannis
727 1745 878 1792 baptiste
903 1745 1076 1792 contigua
1103 1743 1251 1780 ecclesie
1280 1743 1483 1791 parochiali
1503 1744 1547 1779 de
1569 1743 1808 1791 Corstorfyne

235 1814 388 1849 fundata
416 1826 481 1860 per
513 1813 696 1860 quondam
725 1813 845 1848 Adam
874 1812 1043 1847 Forstare
1071 1813 1116 1848 de
1145 1811 1383 1859 Corstorfyne
1416 1811 1566 1846 militem
1596 1824 1662 1858 pro
1694 1811 1807 1847 salute

235 1882 355 1916 anime
383 1881 505 1916 nostre
538 1887 573 1916 et
605 1881 725 1916 anime
757 1880 934 1916 cariffime
964 1880 1139 1916 consortis
1170 1879 1292 1914 nostre
1321 1878 1493 1914 Johanne
1521 1879 1648 1926 regine
1680 1879 1806 1914 Scocie

235 1957 270 1985 et
298 1950 501 1985 animarum
536 1948 799 1985 antecessorum
826 1956 861 1985 et
897 1949 1134 1985 successorum
1170 1948 1375 1982 nostrorum
1412 1959 1454 1982 ac
1490 1959 1556 1994 pro
1590 1946 1702 1982 salute
1730 1947 1806 1982 ani—

234 2030 375 2053 marum
414 2017 498 2052 dieti
537 2018 720 2064 quondam
758 2018 842 2053 Ade
882 2016 1052 2052 Forstare
1090 2015 1216 2051 militis
1256 2021 1291 2050 et
1332 2014 1542 2062 Mergarete
1582 2014 1705 2062 sponse
1746 2014 1806 2050 sue

234 2097 377 2121 necnon
406 2092 441 2121 et
468 2098 535 2132 pro
564 2085 677 2121 salute
705 2086 909 2121 animarum
932 2084 1114 2121 Johannis
1142 2083 1312 2119 Forstare
1340 2083 1384 2118 dc
1415 2081 1653 2130 Corstorfyne
1681 2082 1806 2118 militis

235 2161 269 2190 et
306 2155 489 2202 quondam
528 2154 738 2203 Mergarete
773 2155 896 2202 sponse
932 2154 991 2189 sue
1027 2151 1289 2188 antecessorum
1326 2158 1361 2187 et
1397 2150 1632 2186 suceessorum
1661 2152 1805 2187 suorum

235 2237 276 2258 ac
309 2223 469 2258 omnium
507 2222 669 2258 fidelium
704 2223 957 2258 defunctorum
991 2220 1121 2269 viginti
1155 2227 1312 2267 quatuor
1348 2220 1458 2256 libras
1494 2219 1623 2255 vsualis
1659 2225 1804 2255 monete

235 2291 339 2338 regni
373 2290 486 2326 nostri
522 2291 697 2326 leuandas
732 2290 921 2326 annuatim
957 2296 993 2325 et
1026 2289 1281 2337 percipiendas
1312 2289 1357 2324 ad
1390 2289 1479 2324 duos
1511 2289 1598 2324 anni
1629 2288 1804 2324 terminos

235 2346 373 2395 vl'uales
415 2359 649 2395 Pentecostes
686 2359 857 2394 videlicet
898 2365 934 2394 et
975 2357 1097 2395 saneti
1142 2357 1296 2393 Martini
1340 2357 1376 2392 in
1411 2369 1517 2405 yeme
1557 2369 1622 2405 per
1655 2356 1803 2404 equales

234 2428 426 2474 porciones
447 2428 616 2463 videlicet
637 2427 767 2474 viginti
786 2427 897 2462 libras
916 2427 960 2462 de
979 2426 1092 2461 firmis
1120 2433 1155 2462 et
1182 2425 1385 2462 redditibus
1404 2425 1536 2461 nostris
1563 2425 1670 2473 burgi
1690 2425 1802 2460 nostri
