<?xml version="1.0" encoding="UTF-8"?>
<!DOCTYPE html PUBLIC "-//W3C//DTD XHTML 1.0 Transitional//EN"
    "http://www.w3.org/TR/xhtml1/DTD/xhtml1-transitional.dtd">
<html xmlns="http://www.w3.org/1999/xhtml" xml:lang="en" lang="en">
 <head>
  <title>
</title>
<meta http-equiv="Content-Type" content="text/html;charset=utf-8" />
  <meta name='ocr-system' content='tesseract 3.04.00' />
  <meta name='ocr-capabilities' content='ocr_page ocr_carea ocr_par ocr_line ocrx_word'/>
</head>
<body>
  <div class='ocr_page' id='page_1' title='image "./registrumdomusde00lain_0279.png"; bbox 0 0 2147 2964; ppageno 0'>
   <div class='ocr_carea' id='block_1_1' title="bbox 132 1340 180 1372">
    <p class='ocr_par' dir='ltr' id='par_1_1' title="bbox 132 1340 180 1372">
     <span class='ocr_line' id='line_1_1' title="bbox 132 1340 180 1372; baseline 0 -1"><span class='ocrx_word' id='word_1_1' title='bbox 132 1340 180 1372; x_wconf 82' lang='lat'>33</span> 
     </span>
    </p>
   </div>
   <div class='ocr_carea' id='block_1_2' title="bbox 526 285 1822 325">
    <p class='ocr_par' dir='ltr' id='par_1_2' title="bbox 526 285 1822 325">
     <span class='ocr_line' id='line_1_2' title="bbox 526 285 1822 325; baseline 0.003 -5"><span class='ocrx_word' id='word_1_2' title='bbox 526 285 738 323; x_wconf 87' lang='lat' dir='ltr'>SANCTE</span> <span class='ocrx_word' id='word_1_3' title='bbox 766 286 1086 324; x_wconf 88' lang='lat' dir='ltr'><strong>TRINITATIS</strong></span> <span class='ocrx_word' id='word_1_4' title='bbox 1111 287 1183 323; x_wconf 89' lang='lat' dir='ltr'>DE</span> <span class='ocrx_word' id='word_1_5' title='bbox 1210 288 1547 325; x_wconf 86' lang='lat' dir='ltr'>EDINBURGH.</span> <span class='ocrx_word' id='word_1_6' title='bbox 1753 293 1822 324; x_wconf 83' lang='lat'>103</span> 
     </span>
    </p>
   </div>
   <div class='ocr_carea' id='block_1_3' title="bbox 247 385 1820 968">
    <p class='ocr_par' dir='ltr' id='par_1_3' title="bbox 247 385 1820 968">
     <span class='ocr_line' id='line_1_3' title="bbox 252 385 1820 434; baseline 0.001 -14"><span class='ocrx_word' id='word_1_7' title='bbox 252 385 484 421; x_wconf 89' lang='lat' dir='ltr'><strong>remouebilis</strong></span> <span class='ocrx_word' id='word_1_8' title='bbox 506 414 513 422; x_wconf 91' lang='lat'>.</span> <span class='ocrx_word' id='word_1_9' title='bbox 535 413 542 421; x_wconf 90' lang='lat'><strong>.</strong></span> <span class='ocrx_word' id='word_1_10' title='bbox 564 413 571 421; x_wconf 91' lang='lat'><strong>.</strong></span> <span class='ocrx_word' id='word_1_11' title='bbox 593 385 864 432; x_wconf 86' lang='lat' dir='ltr'>Quamquidem</span> <span class='ocrx_word' id='word_1_12' title='bbox 893 386 1133 433; x_wconf 82' lang='lat' dir='ltr'>capellaniam</span> <span class='ocrx_word' id='word_1_13' title='bbox 1163 400 1205 422; x_wconf 90' lang='lat' dir='ltr'>ac</span> <span class='ocrx_word' id='word_1_14' title='bbox 1229 387 1365 422; x_wconf 63' lang='lat' dir='ltr'>fruaus</span> <span class='ocrx_word' id='word_1_15' title='bbox 1384 387 1548 423; x_wconf 86' lang='lat' dir='ltr'>redditus</span> <span class='ocrx_word' id='word_1_16' title='bbox 1567 394 1603 423; x_wconf 89' lang='lat' dir='ltr'>et</span> <span class='ocrx_word' id='word_1_17' title='bbox 1622 393 1820 434; x_wconf 87' lang='lat' dir='ltr'><strong>prouentus</strong></span> 
     </span>
     <span class='ocr_line' id='line_1_4' title="bbox 251 453 1819 504; baseline 0.003 -16"><span class='ocrx_word' id='word_1_18' title='bbox 251 465 332 488; x_wconf 83' lang='lat' dir='ltr'><strong>cuni</strong></span> <span class='ocrx_word' id='word_1_19' title='bbox 353 454 460 489; x_wconf 88' lang='lat' dir='ltr'><strong>terris</strong></span> <span class='ocrx_word' id='word_1_20' title='bbox 479 454 646 489; x_wconf 82' lang='lat' dir='ltr'>domibus</span> <span class='ocrx_word' id='word_1_21' title='bbox 674 454 789 489; x_wconf 85' lang='lat' dir='ltr'><strong>hortis</strong></span> <span class='ocrx_word' id='word_1_22' title='bbox 817 461 852 489; x_wconf 89' lang='lat' dir='ltr'>et</span> <span class='ocrx_word' id='word_1_23' title='bbox 881 453 1057 490; x_wconf 82' lang='lat' dir='ltr'>clericatu</span> <span class='ocrx_word' id='word_1_24' title='bbox 1084 455 1256 502; x_wconf 63' lang='lat' dir='ltr'><strong>predictis</strong></span> <span class='ocrx_word' id='word_1_25' title='bbox 1277 483 1284 490; x_wconf 91' lang='lat'>.</span> <span class='ocrx_word' id='word_1_26' title='bbox 1307 483 1315 490; x_wconf 94' lang='lat'><strong>.</strong></span> <span class='ocrx_word' id='word_1_27' title='bbox 1336 483 1344 490; x_wconf 90' lang='lat'><strong>.</strong></span> <span class='ocrx_word' id='word_1_28' title='bbox 1367 456 1531 491; x_wconf 83' lang='lat' dir='ltr'>volumus</span> <span class='ocrx_word' id='word_1_29' title='bbox 1558 457 1737 504; x_wconf 88' lang='lat' dir='ltr'>prefatum</span> <span class='ocrx_word' id='word_1_30' title='bbox 1758 457 1819 491; x_wconf 93' lang='lat' dir='ltr'>do-</span> 
     </span>
     <span class='ocr_line' id='line_1_5' title="bbox 250 521 1820 571; baseline 0.002 -15"><span class='ocrx_word' id='word_1_31' title='bbox 250 522 387 556; x_wconf 86' lang='lat' dir='ltr'>minum</span> <span class='ocrx_word' id='word_1_32' title='bbox 424 522 638 557; x_wconf 88' lang='lat' dir='ltr'>Eduardum</span> <span class='ocrx_word' id='word_1_33' title='bbox 660 549 667 556; x_wconf 95' lang='lat'><strong><em>.</em></strong></span> <span class='ocrx_word' id='word_1_34' title='bbox 690 549 697 556; x_wconf 94' lang='lat'>.</span> <span class='ocrx_word' id='word_1_35' title='bbox 720 549 727 555; x_wconf 91' lang='lat'><strong>.</strong></span> <span class='ocrx_word' id='word_1_36' title='bbox 749 521 812 556; x_wconf 80' lang='lat' dir='ltr'><strong>sibi</strong></span> <span class='ocrx_word' id='word_1_37' title='bbox 857 522 1042 568; x_wconf 82' lang='lat' dir='ltr'><strong>applicare</strong></span> <span class='ocrx_word' id='word_1_38' title='bbox 1087 522 1123 556; x_wconf 90' lang='lat' dir='ltr'><strong>in</strong></span> <span class='ocrx_word' id='word_1_39' title='bbox 1159 523 1382 570; x_wconf 83' lang='lat' dir='ltr'><strong>proprietate</strong></span> <span class='ocrx_word' id='word_1_40' title='bbox 1403 551 1409 558; x_wconf 91' lang='lat'>.</span> <span class='ocrx_word' id='word_1_41' title='bbox 1431 552 1437 558; x_wconf 96' lang='lat'>.</span> <span class='ocrx_word' id='word_1_42' title='bbox 1459 552 1466 559; x_wconf 91' lang='lat'>.</span> <span class='ocrx_word' id='word_1_43' title='bbox 1487 537 1529 559; x_wconf 91' lang='lat' dir='ltr'>ac</span> <span class='ocrx_word' id='word_1_44' title='bbox 1564 524 1678 559; x_wconf 87' lang='lat' dir='ltr'><strong>libere</strong></span> <span class='ocrx_word' id='word_1_45' title='bbox 1715 525 1820 571; x_wconf 84' lang='lat' dir='ltr'><strong>super</strong></span> 
     </span>
     <span class='ocr_line' id='line_1_6' title="bbox 250 588 1819 637; baseline 0.001 -13"><span class='ocrx_word' id='word_1_46' title='bbox 250 589 380 625; x_wconf 89' lang='lat' dir='ltr'><strong>eisdem</strong></span> <span class='ocrx_word' id='word_1_47' title='bbox 409 589 599 636; x_wconf 82' lang='lat' dir='ltr'>disponere</span> <span class='ocrx_word' id='word_1_48' title='bbox 620 615 628 623; x_wconf 87' lang='lat'><strong>.</strong></span> <span class='ocrx_word' id='word_1_49' title='bbox 650 615 658 622; x_wconf 94' lang='lat'><strong>.</strong></span> <span class='ocrx_word' id='word_1_50' title='bbox 679 615 687 622; x_wconf 92' lang='lat'>.</span> <span class='ocrx_word' id='word_1_51' title='bbox 708 588 934 623; x_wconf 87' lang='lat' dir='ltr'><strong>alienacione</strong></span> <span class='ocrx_word' id='word_1_52' title='bbox 956 616 963 623; x_wconf 94' lang='lat'>.</span> <span class='ocrx_word' id='word_1_53' title='bbox 986 616 992 623; x_wconf 91' lang='lat'>.</span> <span class='ocrx_word' id='word_1_54' title='bbox 1015 617 1022 624; x_wconf 91' lang='lat'><strong>.</strong></span> <span class='ocrx_word' id='word_1_55' title='bbox 1044 589 1191 624; x_wconf 85' lang='lat' dir='ltr'>omnino</span> <span class='ocrx_word' id='word_1_56' title='bbox 1219 598 1370 637; x_wconf 82' lang='lat' dir='ltr'><strong>excepta</strong></span> <span class='ocrx_word' id='word_1_57' title='bbox 1390 618 1397 625; x_wconf 95' lang='lat'>.</span> <span class='ocrx_word' id='word_1_58' title='bbox 1420 618 1427 626; x_wconf 91' lang='lat'><strong>.</strong></span> <span class='ocrx_word' id='word_1_59' title='bbox 1448 619 1455 626; x_wconf 92' lang='lat'><strong>.</strong></span> <span class='ocrx_word' id='word_1_60' title='bbox 1476 591 1518 626; x_wconf 90' lang='lat' dir='ltr'>In</span> <span class='ocrx_word' id='word_1_61' title='bbox 1548 592 1650 627; x_wconf 83' lang='lat' dir='ltr'>cuius</span> <span class='ocrx_word' id='word_1_62' title='bbox 1678 592 1731 628; x_wconf 88' lang='lat' dir='ltr'>rei</span> <span class='ocrx_word' id='word_1_63' title='bbox 1754 594 1819 627; x_wconf 84' lang='lat' dir='ltr'><strong>tes-</strong></span> 
     </span>
     <span class='ocr_line' id='line_1_7' title="bbox 250 656 1818 708; baseline 0.002 -15"><span class='ocrx_word' id='word_1_64' title='bbox 250 657 442 693; x_wconf 88' lang='lat' dir='ltr'>timouium</span> <span class='ocrx_word' id='word_1_65' title='bbox 459 656 612 703; x_wconf 72' lang='lat' dir='ltr'>sigillum</span> <span class='ocrx_word' id='word_1_66' title='bbox 633 656 794 691; x_wconf 81' lang='lat' dir='ltr'>nostrum</span> <span class='ocrx_word' id='word_1_67' title='bbox 816 669 971 691; x_wconf 86' lang='lat' dir='ltr'>vnacum</span> <span class='ocrx_word' id='word_1_68' title='bbox 989 657 1255 704; x_wconf 83' lang='lat' dir='ltr'><strong>subscripcione</strong></span> <span class='ocrx_word' id='word_1_69' title='bbox 1275 659 1397 694; x_wconf 87' lang='lat' dir='ltr'>nostra</span> <span class='ocrx_word' id='word_1_70' title='bbox 1416 660 1575 695; x_wconf 83' lang='lat' dir='ltr'>manuali</span> <span class='ocrx_word' id='word_1_71' title='bbox 1593 660 1818 708; x_wconf 81' lang='lat' dir='ltr'><strong>presentibus</strong></span> 
     </span>
     <span class='ocr_line' id='line_1_8' title="bbox 248 723 1817 776; baseline 0.003 -16"><span class='ocrx_word' id='word_1_72' title='bbox 248 725 299 760; x_wconf 88' lang='lat' dir='ltr'>est</span> <span class='ocrx_word' id='word_1_73' title='bbox 322 725 516 773; x_wconf 87' lang='lat' dir='ltr'>appensum</span> <span class='ocrx_word' id='word_1_74' title='bbox 537 751 545 758; x_wconf 91' lang='lat'><strong>.</strong></span> <span class='ocrx_word' id='word_1_75' title='bbox 567 751 575 758; x_wconf 91' lang='lat'><strong>.</strong></span> <span class='ocrx_word' id='word_1_76' title='bbox 597 751 604 758; x_wconf 92' lang='lat'><strong>.</strong></span> <span class='ocrx_word' id='word_1_77' title='bbox 623 723 742 770; x_wconf 88' lang='lat' dir='ltr'>primo</span> <span class='ocrx_word' id='word_1_78' title='bbox 771 723 830 758; x_wconf 86' lang='lat' dir='ltr'>die</span> <span class='ocrx_word' id='word_1_79' title='bbox 857 723 988 759; x_wconf 74' lang='lat' dir='ltr'><strong>meniis</strong></span> <span class='ocrx_word' id='word_1_80' title='bbox 1016 724 1108 760; x_wconf 84' lang='lat' dir='ltr'>Maii</span> <span class='ocrx_word' id='word_1_81' title='bbox 1136 739 1233 761; x_wconf 85' lang='lat' dir='ltr'>anno</span> <span class='ocrx_word' id='word_1_82' title='bbox 1259 726 1408 762; x_wconf 84' lang='lat' dir='ltr'>Domini</span> <span class='ocrx_word' id='word_1_83' title='bbox 1435 727 1623 762; x_wconf 71' lang='lat' dir='ltr'>millesimo</span> <span class='ocrx_word' id='word_1_84' title='bbox 1643 729 1817 776; x_wconf 84' lang='lat' dir='ltr'><strong>quingen-</strong></span> 
     </span>
     <span class='ocr_line' id='line_1_9' title="bbox 248 791 1817 842; baseline 0.003 -14"><span class='ocrx_word' id='word_1_85' title='bbox 248 792 371 829; x_wconf 82' lang='lat' dir='ltr'><strong>teslmo</strong></span> <span class='ocrx_word' id='word_1_86' title='bbox 390 791 570 828; x_wconf 72' lang='lat' dir='ltr'><strong>tricesimo</strong></span> <span class='ocrx_word' id='word_1_87' title='bbox 589 791 707 839; x_wconf 89' lang='lat' dir='ltr'>primo</span> <span class='ocrx_word' id='word_1_88' title='bbox 728 791 953 838; x_wconf 82' lang='lat' dir='ltr'>presentibus</span> <span class='ocrx_word' id='word_1_89' title='bbox 973 819 981 826; x_wconf 89' lang='lat'><strong>.</strong></span> <span class='ocrx_word' id='word_1_90' title='bbox 1004 819 1011 827; x_wconf 91' lang='lat'><strong>.</strong></span> <span class='ocrx_word' id='word_1_91' title='bbox 1032 821 1039 828; x_wconf 90' lang='lat'>.</span> <span class='ocrx_word' id='word_1_92' title='bbox 1055 793 1211 828; x_wconf 85' lang='lat' dir='ltr'>dominis</span> <span class='ocrx_word' id='word_1_93' title='bbox 1231 800 1267 829; x_wconf 88' lang='lat' dir='ltr'>et</span> <span class='ocrx_word' id='word_1_94' title='bbox 1285 794 1466 842; x_wconf 87' lang='lat' dir='ltr'>magistris</span> <span class='ocrx_word' id='word_1_95' title='bbox 1482 795 1626 831; x_wconf 86' lang='lat' dir='ltr'>Thema</span> <span class='ocrx_word' id='word_1_96' title='bbox 1643 796 1817 832; x_wconf 83' lang='lat' dir='ltr'>Watsoun</span> 
     </span>
     <span class='ocr_line' id='line_1_10' title="bbox 248 860 1818 910; baseline 0.003 -13"><span class='ocrx_word' id='word_1_97' title='bbox 248 861 436 897; x_wconf 90' lang='lat' dir='ltr'>Willelmo</span> <span class='ocrx_word' id='word_1_98' title='bbox 469 860 631 908; x_wconf 88' lang='lat' dir='ltr'>Tempill</span> <span class='ocrx_word' id='word_1_99' title='bbox 662 860 827 907; x_wconf 84' lang='lat' dir='ltr'><strong>Georgio</strong></span> <span class='ocrx_word' id='word_1_100' title='bbox 859 860 1104 908; x_wconf 86' lang='lat' dir='ltr'>Clappirtoun</span> <span class='ocrx_word' id='word_1_101' title='bbox 1137 861 1257 897; x_wconf 88' lang='lat' dir='ltr'>Adam</span> <span class='ocrx_word' id='word_1_102' title='bbox 1287 862 1457 898; x_wconf 89' lang='lat' dir='ltr'>Franchc</span> <span class='ocrx_word' id='word_1_103' title='bbox 1478 890 1485 898; x_wconf 93' lang='lat'>.</span> <span class='ocrx_word' id='word_1_104' title='bbox 1508 891 1516 898; x_wconf 90' lang='lat'><strong>.</strong></span> <span class='ocrx_word' id='word_1_105' title='bbox 1538 891 1546 899; x_wconf 91' lang='lat'><strong>.</strong></span> <span class='ocrx_word' id='word_1_106' title='bbox 1567 865 1818 910; x_wconf 83' lang='lat' dir='ltr'>prebendariis</span> 
     </span>
     <span class='ocr_line' id='line_1_11' title="bbox 247 928 1626 968; baseline 0.001 -2"><span class='ocrx_word' id='word_1_107' title='bbox 247 931 418 966; x_wconf 85' lang='lat' dir='ltr'>Johanne</span> <span class='ocrx_word' id='word_1_108' title='bbox 439 929 516 965; x_wconf 85' lang='lat' dir='ltr'><strong>Ker</strong></span> <span class='ocrx_word' id='word_1_109' title='bbox 534 935 570 965; x_wconf 92' lang='lat' dir='ltr'>et</span> <span class='ocrx_word' id='word_1_110' title='bbox 592 929 776 964; x_wconf 91' lang='lat' dir='ltr'>Willelmo</span> <span class='ocrx_word' id='word_1_111' title='bbox 796 928 982 964; x_wconf 78' lang='lat' dir='ltr'>Meldi-um</span> <span class='ocrx_word' id='word_1_112' title='bbox 1000 930 1153 964; x_wconf 89' lang='lat' dir='ltr'>notariis</span> <span class='ocrx_word' id='word_1_113' title='bbox 1173 958 1181 965; x_wconf 94' lang='lat'><strong>.</strong></span> <span class='ocrx_word' id='word_1_114' title='bbox 1204 957 1211 965; x_wconf 95' lang='lat'><strong>.</strong></span> <span class='ocrx_word' id='word_1_115' title='bbox 1234 958 1242 965; x_wconf 92' lang='lat'>.</span> <span class='ocrx_word' id='word_1_116' title='bbox 1263 943 1343 966; x_wconf 89' lang='lat' dir='ltr'>cum</span> <span class='ocrx_word' id='word_1_117' title='bbox 1362 932 1513 966; x_wconf 72' lang='lat' dir='ltr'><strong>diuertis</strong></span> <span class='ocrx_word' id='word_1_118' title='bbox 1533 932 1626 968; x_wconf 84' lang='lat' dir='ltr'>aliis.</span> 
     </span>
    </p>
   </div>
   <div class='ocr_carea' id='block_1_4' title="bbox 346 997 1713 1047">
    <p class='ocr_par' dir='ltr' id='par_1_4' title="bbox 346 997 1713 1047">
     <span class='ocr_line' id='line_1_12' title="bbox 346 997 1713 1047; baseline 0.002 -13"><span class='ocrx_word' id='word_1_119' title='bbox 346 1026 354 1034; x_wconf 95' lang='lat'><strong><em>.</em></strong></span> <span class='ocrx_word' id='word_1_120' title='bbox 376 1026 384 1034; x_wconf 90' lang='lat'><em>.</em></span> <span class='ocrx_word' id='word_1_121' title='bbox 407 1026 415 1034; x_wconf 92' lang='lat'>.</span> <span class='ocrx_word' id='word_1_122' title='bbox 437 997 593 1045; x_wconf 87' lang='lat' dir='ltr'>Copiata</span> <span class='ocrx_word' id='word_1_123' title='bbox 611 1009 675 1045; x_wconf 89' lang='lat' dir='ltr'><strong>per</strong></span> <span class='ocrx_word' id='word_1_124' title='bbox 693 1010 750 1033; x_wconf 89' lang='lat' dir='ltr'><strong>me</strong></span> <span class='ocrx_word' id='word_1_125' title='bbox 769 997 978 1033; x_wconf 81' lang='lat' dir='ltr'>Johannem</span> <span class='ocrx_word' id='word_1_126' title='bbox 1001 997 1078 1034; x_wconf 88' lang='lat' dir='ltr'><strong>Ker</strong></span> <span class='ocrx_word' id='word_1_127' title='bbox 1098 998 1366 1035; x_wconf 85' lang='lat' dir='ltr'>Morauiensem</span> <span class='ocrx_word' id='word_1_128' title='bbox 1386 1000 1624 1047; x_wconf 83' lang='lat' dir='ltr'><strong>presbiterum</strong></span> <span class='ocrx_word' id='word_1_129' title='bbox 1645 1030 1653 1037; x_wconf 92' lang='lat'><strong><em>.</em></strong></span> <span class='ocrx_word' id='word_1_130' title='bbox 1675 1029 1683 1037; x_wconf 85' lang='lat'>.</span> <span class='ocrx_word' id='word_1_131' title='bbox 1705 1030 1713 1037; x_wconf 91' lang='lat'><strong>.</strong></span> 
     </span>
    </p>
   </div>
   <div class='ocr_carea' id='block_1_5' title="bbox 248 1145 1816 1196">
    <p class='ocr_par' dir='ltr' id='par_1_5' title="bbox 248 1145 1816 1196">
     <span class='ocr_line' id='line_1_13' title="bbox 248 1145 1816 1196; baseline 0.003 -13"><span class='ocrx_word' id='word_1_132' title='bbox 248 1146 509 1196; x_wconf 77' lang='lat' dir='ltr'>[confirmacio</span> <span class='ocrx_word' id='word_1_133' title='bbox 532 1152 632 1182; x_wconf 87' lang='lat' dir='ltr'><strong>carte</strong></span> <span class='ocrx_word' id='word_1_134' title='bbox 652 1145 777 1182; x_wconf 88' lang='lat' dir='ltr'>Dauid</span> <span class='ocrx_word' id='word_1_135' title='bbox 796 1147 840 1181; x_wconf 87' lang='lat' dir='ltr'><strong>de</strong></span> <span class='ocrx_word' id='word_1_136' title='bbox 860 1146 996 1182; x_wconf 84' lang='lat' dir='ltr'><strong>Wemis</strong></span> <span class='ocrx_word' id='word_1_137' title='bbox 1024 1147 1068 1181; x_wconf 86' lang='lat' dir='ltr'><strong>‹le</strong></span> <span class='ocrx_word' id='word_1_138' title='bbox 1098 1147 1204 1182; x_wconf 87' lang='lat' dir='ltr'><strong>terris</strong></span> <span class='ocrx_word' id='word_1_139' title='bbox 1225 1153 1260 1183; x_wconf 90' lang='lat' dir='ltr'>et</span> <span class='ocrx_word' id='word_1_140' title='bbox 1284 1148 1424 1184; x_wconf 88' lang='lat' dir='ltr'>iuribus</span> <span class='ocrx_word' id='word_1_141' title='bbox 1444 1149 1593 1186; x_wconf 74' lang='lat' dir='ltr'>ecclesie</span> <span class='ocrx_word' id='word_1_142' title='bbox 1613 1150 1658 1185; x_wconf 88' lang='lat' dir='ltr'><strong>de</strong></span> <span class='ocrx_word' id='word_1_143' title='bbox 1679 1151 1816 1187; x_wconf 57' lang='lat' dir='ltr'><strong>lVemis</strong></span> 
     </span>
    </p>
   </div>
   <div class='ocr_carea' id='block_1_6' title="bbox 245 1214 544 1264">
    <p class='ocr_par' dir='ltr' id='par_1_6' title="bbox 245 1214 544 1264">
     <span class='ocr_line' id='line_1_14' title="bbox 245 1214 544 1264; baseline -0.003 -12"><span class='ocrx_word' id='word_1_144' title='bbox 245 1214 544 1264; x_wconf 63' lang='lat' dir='ltr'><strong>pertinentibus]</strong></span> 
     </span>
    </p>
   </div>
   <div class='ocr_carea' id='block_1_7' title="bbox 244 1323 1817 1525">
    <p class='ocr_par' dir='ltr' id='par_1_7' title="bbox 244 1323 1817 1525">
     <span class='ocr_line' id='line_1_15' title="bbox 247 1323 1817 1391; baseline 0.003 -16"><span class='ocrx_word' id='word_1_145' title='bbox 247 1323 445 1380; x_wconf 77' lang='lat' dir='ltr'>OMNmus</span> <span class='ocrx_word' id='word_1_146' title='bbox 471 1339 540 1374; x_wconf 89' lang='lat' dir='ltr'>hoc</span> <span class='ocrx_word' id='word_1_147' title='bbox 560 1339 734 1386; x_wconf 87' lang='lat' dir='ltr'>scriptum</span> <span class='ocrx_word' id='word_1_148' title='bbox 755 1339 883 1374; x_wconf 87' lang='lat' dir='ltr'><strong>visuris</strong></span> <span class='ocrx_word' id='word_1_149' title='bbox 906 1338 959 1373; x_wconf 89' lang='lat' dir='ltr'><strong>vel</strong></span> <span class='ocrx_word' id='word_1_150' title='bbox 988 1338 1168 1374; x_wconf 86' lang='lat' dir='ltr'>audituris</span> <span class='ocrx_word' id='word_1_151' title='bbox 1187 1338 1350 1374; x_wconf 89' lang='lat' dir='ltr'><strong>Michael</strong></span> <span class='ocrx_word' id='word_1_152' title='bbox 1369 1340 1413 1375; x_wconf 90' lang='lat' dir='ltr'><strong>de</strong></span> <span class='ocrx_word' id='word_1_153' title='bbox 1435 1340 1573 1377; x_wconf 77' lang='lat' dir='ltr'><strong>VVemis</strong></span> <span class='ocrx_word' id='word_1_154' title='bbox 1592 1343 1685 1378; x_wconf 90' lang='lat' dir='ltr'>filius</span> <span class='ocrx_word' id='word_1_155' title='bbox 1704 1357 1817 1391; x_wconf 88' lang='lat' dir='ltr'>quon-</span> 
     </span>
     <span class='ocr_line' id='line_1_16' title="bbox 244 1406 1816 1459; baseline 0.002 -15"><span class='ocrx_word' id='word_1_156' title='bbox 244 1409 327 1444; x_wconf 85' lang='lat' dir='ltr'>dam</span> <span class='ocrx_word' id='word_1_157' title='bbox 348 1409 487 1444; x_wconf 90' lang='lat' dir='ltr'>domini</span> <span class='ocrx_word' id='word_1_158' title='bbox 507 1408 632 1443; x_wconf 86' lang='lat' dir='ltr'>Dauid</span> <span class='ocrx_word' id='word_1_159' title='bbox 660 1408 704 1443; x_wconf 83' lang='lat' dir='ltr'><strong>de</strong></span> <span class='ocrx_word' id='word_1_160' title='bbox 724 1407 864 1442; x_wconf 88' lang='lat' dir='ltr'><strong>Wemis</strong></span> <span class='ocrx_word' id='word_1_161' title='bbox 892 1407 1041 1443; x_wconf 85' lang='lat' dir='ltr'>salutem</span> <span class='ocrx_word' id='word_1_162' title='bbox 1070 1407 1106 1442; x_wconf 89' lang='lat' dir='ltr'><strong>in</strong></span> <span class='ocrx_word' id='word_1_163' title='bbox 1127 1406 1288 1442; x_wconf 87' lang='lat' dir='ltr'>Domino</span> <span class='ocrx_word' id='word_1_164' title='bbox 1306 1429 1313 1436; x_wconf 90' lang='lat'><strong>·</strong></span> <span class='ocrx_word' id='word_1_165' title='bbox 1336 1407 1525 1445; x_wconf 89' lang='lat' dir='ltr'><strong>Noueritis</strong></span> <span class='ocrx_word' id='word_1_166' title='bbox 1552 1423 1609 1446; x_wconf 91' lang='lat' dir='ltr'>me</span> <span class='ocrx_word' id='word_1_167' title='bbox 1628 1411 1816 1459; x_wconf 74' lang='lat' dir='ltr'><strong>inspexifle</strong></span> 
     </span>
     <span class='ocr_line' id='line_1_17' title="bbox 247 1474 1216 1525; baseline -0.004 -12"><span class='ocrx_word' id='word_1_168' title='bbox 247 1478 333 1525; x_wconf 89' lang='lat' dir='ltr'><strong>[etc.</strong></span> <span class='ocrx_word' id='word_1_169' title='bbox 355 1484 394 1514; x_wconf 91' lang='lat' dir='ltr'>ut</span> <span class='ocrx_word' id='word_1_170' title='bbox 413 1477 520 1525; x_wconf 86' lang='lat' dir='ltr'>supra</span> <span class='ocrx_word' id='word_1_171' title='bbox 538 1477 576 1512; x_wconf 90' lang='lat' dir='ltr'><strong>in</strong></span> <span class='ocrx_word' id='word_1_172' title='bbox 596 1477 688 1522; x_wconf 81' lang='lat' dir='ltr'><strong>Reg.</strong></span> <span class='ocrx_word' id='word_1_173' title='bbox 710 1475 819 1511; x_wconf 83' lang='lat' dir='ltr'>Dom.</span> <span class='ocrx_word' id='word_1_174' title='bbox 840 1476 885 1511; x_wconf 90' lang='lat' dir='ltr'><strong>de</strong></span> <span class='ocrx_word' id='word_1_175' title='bbox 903 1474 1022 1511; x_wconf 85' lang='lat' dir='ltr'><strong>Soltre</strong></span> <span class='ocrx_word' id='word_1_176' title='bbox 1043 1475 1116 1510; x_wconf 92' lang='lat' dir='ltr'>No.</span> <span class='ocrx_word' id='word_1_177' title='bbox 1138 1474 1216 1522; x_wconf 86' lang='lat'>54].</span> 
     </span>
    </p>
   </div>
   <div class='ocr_carea' id='block_1_8' title="bbox 344 1611 1814 2271">
    <p class='ocr_par' dir='ltr' id='par_1_8' title="bbox 344 1611 1814 2206">
     <span class='ocr_line' id='line_1_18' title="bbox 344 1611 1814 1661; baseline 0.003 -12"><span class='ocrx_word' id='word_1_178' title='bbox 344 1614 425 1649; x_wconf 92' lang='lat' dir='ltr'>Hec</span> <span class='ocrx_word' id='word_1_179' title='bbox 444 1613 497 1649; x_wconf 83' lang='lat' dir='ltr'>est</span> <span class='ocrx_word' id='word_1_180' title='bbox 516 1625 603 1649; x_wconf 81' lang='lat' dir='ltr'>vera</span> <span class='ocrx_word' id='word_1_181' title='bbox 626 1612 732 1659; x_wconf 92' lang='lat' dir='ltr'><strong>copia</strong></span> <span class='ocrx_word' id='word_1_182' title='bbox 759 1612 904 1659; x_wconf 82' lang='lat' dir='ltr'>copiata</span> <span class='ocrx_word' id='word_1_183' title='bbox 931 1624 995 1658; x_wconf 87' lang='lat' dir='ltr'><strong>per</strong></span> <span class='ocrx_word' id='word_1_184' title='bbox 1014 1624 1070 1646; x_wconf 90' lang='lat' dir='ltr'><strong>me</strong></span> <span class='ocrx_word' id='word_1_185' title='bbox 1089 1611 1298 1646; x_wconf 76' lang='lat' dir='ltr'>Johannem</span> <span class='ocrx_word' id='word_1_186' title='bbox 1318 1611 1396 1647; x_wconf 90' lang='lat' dir='ltr'><strong>Ker</strong></span> <span class='ocrx_word' id='word_1_187' title='bbox 1421 1614 1671 1661; x_wconf 71' lang='lat' dir='ltr'><strong>preibyterum</strong></span> <span class='ocrx_word' id='word_1_188' title='bbox 1692 1616 1814 1653; x_wconf 81' lang='lat' dir='ltr'>Mora-</span> 
     </span>
     <span class='ocr_line' id='line_1_19' title="bbox 392 1678 1813 1729; baseline 0.004 -13"><span class='ocrx_word' id='word_1_189' title='bbox 392 1680 522 1717; x_wconf 88' lang='lat' dir='ltr'><strong>uienfis</strong></span> <span class='ocrx_word' id='word_1_190' title='bbox 542 1679 691 1716; x_wconf 73' lang='lat' dir='ltr'><strong>diocesis</strong></span> <span class='ocrx_word' id='word_1_191' title='bbox 719 1692 762 1715; x_wconf 84' lang='lat' dir='ltr'>ac</span> <span class='ocrx_word' id='word_1_192' title='bbox 789 1680 972 1715; x_wconf 86' lang='lat' dir='ltr'>notarium</span> <span class='ocrx_word' id='word_1_193' title='bbox 999 1678 1185 1726; x_wconf 82' lang='lat' dir='ltr'>publicum</span> <span class='ocrx_word' id='word_1_194' title='bbox 1205 1680 1250 1714; x_wconf 92' lang='lat' dir='ltr'><strong>de</strong></span> <span class='ocrx_word' id='word_1_195' title='bbox 1273 1679 1466 1728; x_wconf 88' lang='lat' dir='ltr'>qu0[dam]</span> <span class='ocrx_word' id='word_1_196' title='bbox 1492 1681 1645 1729; x_wconf 83' lang='lat' dir='ltr'><strong>registro</strong></span> <span class='ocrx_word' id='word_1_197' title='bbox 1665 1684 1813 1721; x_wconf 77' lang='lat' dir='ltr'>ecclesie</span> 
     </span>
     <span class='ocr_line' id='line_1_20' title="bbox 392 1747 1814 1796; baseline 0.002 -11"><span class='ocrx_word' id='word_1_198' title='bbox 392 1749 586 1796; x_wconf 86' lang='lat' dir='ltr'><strong>collegiate</strong></span> <span class='ocrx_word' id='word_1_199' title='bbox 607 1747 829 1785; x_wconf 70' lang='lat' dir='ltr'>Sanffiffime</span> <span class='ocrx_word' id='word_1_200' title='bbox 850 1747 1046 1783; x_wconf 81' lang='lat' dir='ltr'>Trinitatis</span> <span class='ocrx_word' id='word_1_201' title='bbox 1074 1759 1196 1782; x_wconf 84' lang='lat' dir='ltr'>coram</span> <span class='ocrx_word' id='word_1_202' title='bbox 1216 1747 1360 1782; x_wconf 82' lang='lat' dir='ltr'>officiali</span> <span class='ocrx_word' id='word_1_203' title='bbox 1380 1747 1569 1785; x_wconf 82' lang='lat' dir='ltr'>Laudonie</span> <span class='ocrx_word' id='word_1_204' title='bbox 1596 1751 1814 1789; x_wconf 88' lang='lat' dir='ltr'><strong>iudicialiter</strong></span> 
     </span>
     <span class='ocr_line' id='line_1_21' title="bbox 394 1815 1812 1864; baseline 0.004 -11"><span class='ocrx_word' id='word_1_205' title='bbox 394 1817 620 1864; x_wconf 87' lang='lat' dir='ltr'>transumpta</span> <span class='ocrx_word' id='word_1_206' title='bbox 639 1822 674 1852; x_wconf 91' lang='lat' dir='ltr'>et</span> <span class='ocrx_word' id='word_1_207' title='bbox 694 1829 775 1852; x_wconf 89' lang='lat' dir='ltr'>cum</span> <span class='ocrx_word' id='word_1_208' title='bbox 803 1816 929 1851; x_wconf 86' lang='lat' dir='ltr'><strong>eodem</strong></span> <span class='ocrx_word' id='word_1_209' title='bbox 950 1816 995 1851; x_wconf 90' lang='lat' dir='ltr'><strong>de</strong></span> <span class='ocrx_word' id='word_1_210' title='bbox 1015 1816 1126 1851; x_wconf 85' lang='lat' dir='ltr'><strong>verbo</strong></span> <span class='ocrx_word' id='word_1_211' title='bbox 1153 1815 1191 1850; x_wconf 84' lang='lat' dir='ltr'><strong>in</strong></span> <span class='ocrx_word' id='word_1_212' title='bbox 1213 1816 1361 1852; x_wconf 90' lang='lat' dir='ltr'>verbum</span> <span class='ocrx_word' id='word_1_213' title='bbox 1390 1817 1631 1855; x_wconf 86' lang='lat' dir='ltr'>collacionata</span> <span class='ocrx_word' id='word_1_214' title='bbox 1657 1821 1724 1856; x_wconf 90' lang='lat' dir='ltr'>nill</span> <span class='ocrx_word' id='word_1_215' title='bbox 1751 1823 1812 1858; x_wconf 88' lang='lat' dir='ltr'>ad·</span> 
     </span>
     <span class='ocr_line' id='line_1_22' title="bbox 392 1883 1811 1936; baseline 0.004 -15"><span class='ocrx_word' id='word_1_216' title='bbox 392 1886 513 1921; x_wconf 90' lang='lat' dir='ltr'><strong>dendo</strong></span> <span class='ocrx_word' id='word_1_217' title='bbox 544 1898 612 1920; x_wconf 87' lang='lat' dir='ltr'>nec</span> <span class='ocrx_word' id='word_1_218' title='bbox 644 1885 840 1920; x_wconf 89' lang='lat' dir='ltr'>minuendo</span> <span class='ocrx_word' id='word_1_219' title='bbox 873 1890 941 1919; x_wconf 89' lang='lat' dir='ltr'><strong>etc.</strong></span> <span class='ocrx_word' id='word_1_220' title='bbox 975 1883 1036 1918; x_wconf 86' lang='lat' dir='ltr'>sub</span> <span class='ocrx_word' id='word_1_221' title='bbox 1068 1883 1123 1918; x_wconf 87' lang='lat' dir='ltr'>his</span> <span class='ocrx_word' id='word_1_222' title='bbox 1155 1885 1242 1919; x_wconf 87' lang='lat' dir='ltr'><strong>meis</strong></span> <span class='ocrx_word' id='word_1_223' title='bbox 1273 1885 1455 1932; x_wconf 71' lang='lat' dir='ltr'>signatura</span> <span class='ocrx_word' id='word_1_224' title='bbox 1482 1893 1518 1922; x_wconf 88' lang='lat' dir='ltr'>et</span> <span class='ocrx_word' id='word_1_225' title='bbox 1544 1888 1811 1936; x_wconf 88' lang='lat' dir='ltr'><strong>subscripcione</strong></span> 
     </span>
     <span class='ocr_line' id='line_1_23' title="bbox 394 1952 1810 2000; baseline 0.004 -11"><span class='ocrx_word' id='word_1_226' title='bbox 394 1953 624 1989; x_wconf 83' lang='lat' dir='ltr'>manualibus</span> <span class='ocrx_word' id='word_1_227' title='bbox 651 1953 748 2000; x_wconf 90' lang='lat' dir='ltr'>apud</span> <span class='ocrx_word' id='word_1_228' title='bbox 775 1952 991 1988; x_wconf 88' lang='lat' dir='ltr'>Edinburch</span> <span class='ocrx_word' id='word_1_229' title='bbox 1019 1952 1133 1987; x_wconf 86' lang='lat' dir='ltr'><strong>tercio</strong></span> <span class='ocrx_word' id='word_1_230' title='bbox 1161 1953 1220 1987; x_wconf 86' lang='lat' dir='ltr'>die</span> <span class='ocrx_word' id='word_1_231' title='bbox 1247 1954 1376 1989; x_wconf 83' lang='lat' dir='ltr'>mensis</span> <span class='ocrx_word' id='word_1_232' title='bbox 1403 1954 1508 1990; x_wconf 84' lang='lat' dir='ltr'><strong>Junii</strong></span> <span class='ocrx_word' id='word_1_233' title='bbox 1536 1969 1631 1992; x_wconf 87' lang='lat' dir='ltr'>anno</span> <span class='ocrx_word' id='word_1_234' title='bbox 1659 1957 1810 1995; x_wconf 91' lang='lat' dir='ltr'>Domini</span> 
     </span>
     <span class='ocr_line' id='line_1_24' title="bbox 392 2019 1810 2071; baseline 0.005 -14"><span class='ocrx_word' id='word_1_235' title='bbox 392 2027 442 2057; x_wconf 81' lang='lat' dir='ltr'>m⁰</span> <span class='ocrx_word' id='word_1_236' title='bbox 459 2020 749 2069; x_wconf 86' lang='lat' dir='ltr'><strong>quingentefimo</strong></span> <span class='ocrx_word' id='word_1_237' title='bbox 777 2019 954 2055; x_wconf 69' lang='lat' dir='ltr'><strong>tricesimo</strong></span> <span class='ocrx_word' id='word_1_238' title='bbox 982 2020 1099 2067; x_wconf 86' lang='lat' dir='ltr'>primo</span> <span class='ocrx_word' id='word_1_239' title='bbox 1128 2033 1250 2055; x_wconf 83' lang='lat' dir='ltr'>coram</span> <span class='ocrx_word' id='word_1_240' title='bbox 1280 2021 1428 2057; x_wconf 89' lang='lat' dir='ltr'><strong>testibus</strong></span> <span class='ocrx_word' id='word_1_241' title='bbox 1452 2023 1490 2058; x_wconf 90' lang='lat' dir='ltr'><strong>in</strong></span> <span class='ocrx_word' id='word_1_242' title='bbox 1508 2024 1613 2071; x_wconf 85' lang='lat' dir='ltr'><strong>copia</strong></span> <span class='ocrx_word' id='word_1_243' title='bbox 1628 2026 1810 2064; x_wconf 88' lang='lat' dir='ltr'><strong>sentencie</strong></span> 
     </span>
     <span class='ocr_line' id='line_1_25' title="bbox 395 2088 1811 2137; baseline 0.004 -11"><span class='ocrx_word' id='word_1_244' title='bbox 395 2091 467 2126; x_wconf 81' lang='lat' dir='ltr'><strong>siue</strong></span> <span class='ocrx_word' id='word_1_245' title='bbox 494 2089 636 2125; x_wconf 86' lang='lat' dir='ltr'><strong>decreti</strong></span> <span class='ocrx_word' id='word_1_246' title='bbox 667 2088 872 2124; x_wconf 85' lang='lat' dir='ltr'>immediate</span> <span class='ocrx_word' id='word_1_247' title='bbox 904 2088 1133 2135; x_wconf 88' lang='lat' dir='ltr'><strong>precedentis</strong></span> <span class='ocrx_word' id='word_1_248' title='bbox 1163 2091 1343 2125; x_wconf 87' lang='lat' dir='ltr'><strong>contentis</strong></span> <span class='ocrx_word' id='word_1_249' title='bbox 1378 2090 1565 2137; x_wconf 79' lang='lat' dir='ltr'><strong>[videlicet</strong></span> <span class='ocrx_word' id='word_1_250' title='bbox 1593 2093 1748 2130; x_wconf 86' lang='lat' dir='ltr'>dominis</span> <span class='ocrx_word' id='word_1_251' title='bbox 1777 2102 1811 2131; x_wconf 89' lang='lat' dir='ltr'>et</span> 
     </span>
     <span class='ocr_line' id='line_1_26' title="bbox 394 2156 1384 2206; baseline -0.001 -12"><span class='ocrx_word' id='word_1_252' title='bbox 394 2157 572 2206; x_wconf 85' lang='lat' dir='ltr'>magistris</span> <span class='ocrx_word' id='word_1_253' title='bbox 590 2156 762 2193; x_wconf 88' lang='lat' dir='ltr'>Johanne</span> <span class='ocrx_word' id='word_1_254' title='bbox 780 2156 945 2192; x_wconf 89' lang='lat' dir='ltr'><strong>Lethane</strong></span> <span class='ocrx_word' id='word_1_255' title='bbox 965 2162 1032 2191; x_wconf 88' lang='lat' dir='ltr'><strong>etc.</strong></span> <span class='ocrx_word' id='word_1_256' title='bbox 1052 2162 1090 2192; x_wconf 89' lang='lat' dir='ltr'>ut</span> <span class='ocrx_word' id='word_1_257' title='bbox 1111 2157 1217 2204; x_wconf 82' lang='lat' dir='ltr'>supra</span> <span class='ocrx_word' id='word_1_258' title='bbox 1236 2157 1309 2193; x_wconf 85' lang='lat' dir='ltr'>No.</span> <span class='ocrx_word' id='word_1_259' title='bbox 1330 2158 1384 2205; x_wconf 88' lang='lat'>3].</span> 
     </span>
    </p>

    <p class='ocr_par' dir='ltr' id='par_1_9' title="bbox 443 2223 1808 2271">
     <span class='ocr_line' id='line_1_27' title="bbox 443 2223 1808 2271; baseline 0.004 -10"><span class='ocrx_word' id='word_1_260' title='bbox 443 2226 536 2262; x_wconf 88' lang='lat' dir='ltr'><strong>Item</strong></span> <span class='ocrx_word' id='word_1_261' title='bbox 555 2225 607 2261; x_wconf 90' lang='lat' dir='ltr'>est</span> <span class='ocrx_word' id='word_1_262' title='bbox 623 2224 813 2261; x_wconf 87' lang='lat' dir='ltr'><strong>Johannes</strong></span> <span class='ocrx_word' id='word_1_263' title='bbox 833 2224 911 2260; x_wconf 89' lang='lat' dir='ltr'><strong>Ker</strong></span> <span class='ocrx_word' id='word_1_264' title='bbox 938 2223 1101 2260; x_wconf 82' lang='lat' dir='ltr'>notarius</span> <span class='ocrx_word' id='word_1_265' title='bbox 1130 2225 1295 2271; x_wconf 84' lang='lat' dir='ltr'>publicus</span> <span class='ocrx_word' id='word_1_266' title='bbox 1322 2226 1358 2261; x_wconf 93' lang='lat' dir='ltr'><strong>in</strong></span> <span class='ocrx_word' id='word_1_267' title='bbox 1378 2226 1485 2262; x_wconf 88' lang='lat' dir='ltr'>fidem</span> <span class='ocrx_word' id='word_1_268' title='bbox 1506 2233 1541 2263; x_wconf 92' lang='lat' dir='ltr'>et</span> <span class='ocrx_word' id='word_1_269' title='bbox 1567 2229 1808 2267; x_wconf 88' lang='lat' dir='ltr'><strong>testimonium</strong></span> 
     </span>
    </p>
   </div>
   <div class='ocr_carea' id='block_1_9' title="bbox 489 2293 691 2340">
    <p class='ocr_par' dir='ltr' id='par_1_10' title="bbox 489 2293 691 2340">
     <span class='ocr_line' id='line_1_28' title="bbox 489 2293 691 2340; baseline -0.01 -11"><span class='ocrx_word' id='word_1_270' title='bbox 489 2293 691 2340; x_wconf 79' lang='lat' dir='ltr'><strong>requisitus.</strong></span> 
     </span>
    </p>
   </div>
  </div>
 </body>
</html>
