2147 2964
359 887 694 937 REGISTRUM
735 889 1043 938 CARTARUM
1082 890 1276 939 DOMUS
1312 892 1387 939 DE
1425 892 1657 941 SOLTRE.

227 1284 339 1321 Carta
370 1285 557 1321 Malcolmi
585 1286 680 1334 regis
710 1287 755 1321 de
785 1288 989 1324 donacione
1022 1295 1203 1326 terrarum
1236 1291 1281 1326 de
1309 1291 1585 1338 Brothirstanys
1614 1288 1723 1334 vsque
1751 1286 1797 1321 ad

227 1353 394 1389 Lvnden.

152 1503 158 1509 .
229 1460 469 1513 blalcolmus
489 1474 560 1511 Dei
588 1475 714 1523 gracia
740 1488 806 1511 rex
829 1475 1037 1512 Scottorum
1065 1476 1242 1524 episcopis
1269 1477 1460 1513 abbatibus
1488 1477 1679 1513 comitibus
1698 1476 1796 1511 iusti-

227 1544 348 1579 ciariis
369 1544 642 1580 vicecomitibus
669 1544 857 1592 prepositis
883 1545 1057 1581 ministris
1084 1550 1120 1580 et
1147 1545 1315 1581 omnibus
1342 1546 1466 1593 probis
1493 1546 1702 1581 hominibus
1727 1544 1796 1580 suis

227 1614 376 1650 salutem
410 1636 416 1643 ·
447 1614 573 1651 Sciant
601 1615 785 1663 presentes
817 1621 853 1650 et
881 1614 995 1650 futuri
1022 1626 1079 1648 me
1107 1612 1144 1648 in
1172 1613 1324 1649 liberam
1352 1613 1575 1650 elimosinam
1603 1613 1734 1649 dedisse
1763 1619 1798 1648 et

226 1682 426 1718 concessisse
446 1687 482 1718 et
500 1682 568 1718 hac
597 1688 700 1718 carta
725 1695 806 1718 mea
834 1681 1057 1718 confirmasse
1084 1682 1166 1717 Deo
1194 1688 1230 1718 et
1256 1682 1426 1730 hospitali
1452 1682 1582 1719 &mete
1604 1682 1797 1718 Trinitatis

226 1751 270 1786 de
286 1750 406 1787 Soltre
421 1756 534 1787 totam
551 1756 687 1787 terram
708 1751 806 1787 illam
821 1764 891 1798 que
910 1751 1005 1787 iacet
1025 1751 1120 1787 inter
1134 1751 1199 1786 has
1215 1751 1346 1787 diuisas
1366 1752 1503 1788 scilicet
1519 1753 1616 1788 inter
1632 1750 1797 1787 Brothir-

226 1818 348 1867 stanys
373 1825 409 1854 et
433 1819 593 1855 riuulum
621 1819 868 1866 aquilonalem
897 1826 933 1855 et
960 1819 1122 1855 riuulum
1150 1819 1343 1855 australem
1371 1826 1407 1856 et
1426 1821 1535 1868 vsque
1563 1821 1610 1857 ad
1636 1820 1796 1856 riuuluni

225 1887 440 1923 orientalem
469 1888 507 1922 in
527 1887 683 1935 Lynden
713 1894 749 1923 et
780 1888 826 1923 ab
853 1888 929 1935 ipso
960 1888 1081 1924 riuulo
1109 1889 1281 1925 orientali
1310 1902 1376 1937 per
1406 1890 1500 1926 viam
1527 1903 1598 1937 que
1625 1890 1727 1926 ducit
1752 1890 1798 1925 ad

224 1956 363 2004 regiam
388 1957 481 1992 viam
510 1957 721 1992 tendentem
750 1958 872 1992 versus
902 1956 1146 2005 Rokysburgh
1171 1979 1178 1986 ·
1209 1958 1334 2001 Quare
1363 1959 1445 1995 volo
1473 1965 1509 1995 et
1535 1959 1690 1995 firmiter
1716 1972 1798 2006 pre-

225 2025 319 2073 cipio
347 2031 385 2060 vt
411 2025 615 2072 prediGtum
643 2024 818 2072 hospitale
847 2030 882 2060 et
909 2025 984 2061 eius
1013 2026 1179 2061 custodes
1206 2032 1343 2063 terram
1370 2027 1548 2074 prefatam
1577 2028 1736 2063 habeant
1762 2034 1797 2062 et

223 2093 425 2141 poflideant
444 2094 496 2129 ita
513 2094 628 2129 libere
648 2099 684 2129 et
703 2093 825 2140 quiete
852 2093 1053 2129 honorifice
1079 2100 1114 2129 et
1133 2094 1284 2141 pacifice
1304 2095 1394 2132 ficut
1413 2095 1536 2143 aliqua
1554 2096 1741 2132 elimosina
1760 2097 1795 2131 in

224 2168 301 2198 tota
323 2168 424 2198 terra
450 2174 530 2198 mea
557 2162 707 2197 liberius
735 2162 900 2209 quiecius
926 2162 1234 2198 honorificencius
1259 2169 1295 2199 et
1320 2163 1577 2211 pacificencius
1596 2171 1742 2201 tenetur
1762 2172 1798 2200 et

224 2230 421 2277 poffidetur
456 2230 648 2277 nullusque
685 2230 736 2265 eis
772 2230 968 2267 foriffaciat
1003 2231 1109 2279 super
1145 2232 1288 2267 firmam
1319 2232 1582 2269 foriffaecuram
1613 2246 1730 2270 meam
1763 2241 1798 2269 et

225 2299 476 2334 defencionem
497 2319 504 2326 ·
524 2297 595 2332 hiis
622 2297 772 2333 testibus
795 2297 957 2334 Roberto
980 2298 1200 2348 [Herberto]
1223 2301 1390 2349 episcopo
1415 2302 1460 2337 de
1481 2302 1620 2350 Glasgu
1641 2303 1797 2339 osberto

226 2367 354 2402 abbate
386 2367 431 2402 de
462 2365 654 2402 Jedworth
682 2365 852 2414 Engadio
886 2366 1146 2416 [Engelramo]
1181 2369 1404 2404 cancellario
1435 2370 1602 2407 Waltero
1632 2372 1796 2420 dapifero

227 2434 387 2470 Ricardo
407 2434 676 2470 constabulario
696 2456 702 2462 -
725 2435 822 2482 apud
841 2435 1085 2484 Edynburgh.
