2147 2964
388 300 460 338 &4

392 396 495 431 Soltra,
512 394 583 424 villa
596 395 640 431 de,
656 393 704 429 30,
718 393 765 421 53.

481 447 627 476 Walterus
647 445 692 481 de,
714 443 864 482 burgensis
883 442 918 471 de
929 440 1061 479 Berwyk,
1078 441 1129 469 31-

433 502 480 535 33,
496 500 545 528 49.

395 553 489 582 Soltra
502 551 612 587 Barnis,
627 549 665 578 lie
680 548 783 577 Barnis
797 548 832 576 de
848 546 950 582 Soltre,
967 547 1014 582 65,
1032 545 1098 574 122.

395 603 571 640 Soltracroft,
587 604 649 631 vide
664 601 781 630 Hawik.

396 658 490 687 Soltra
504 655 609 692 Manis,
624 655 688 683 vide
702 653 833 683 Borthik.

397 708 570 746 Soltrayflat,
586 709 648 736 vide
662 707 813 735 Maxtoun.

398 761 614 800 Soltraylandis,
630 760 694 788 vide
708 758 825 794 Hawik,
840 755 1023 790 Linlithcow,
1035 753 1134 792 Philp-

437 816 615 852 dawystoun.

400 866 557 903 Soltrehill,
573 870 647 895 terre
662 865 705 901 de,
722 866 770 901 24,
786 865 835 892 48.

400 919 566 955 Someruell,
583 916 761 953 Someruilla,
777 915 941 944 Willelmus
955 913 999 949 de,
1016 914 1043 941 7.

493 971 657 1000 Willelmus
670 969 812 1004 dominus,
829 969 897 997 311.

402 1026 501 1064 Spens,
519 1024 636 1062 Spensa,
653 1021 783 1051 Andreas
797 1021 841 1057 de,
857 1022 906 1049 48.

496 1076 610 1106 Helena
625 1084 727 1113 sponsa
741 1073 860 1102 Patricii
873 1072 918 1109 de,
934 1073 981 1108 51,
997 1072 1045 1100 52.

497 1129 632 1166 magister
652 1127 749 1164 Hugo,
775 1134 919 1154 sacrarum
943 1123 1091 1151 literarum
1113 1125 1142 1149 et

442 1183 472 1211 in
486 1181 607 1210 decretis
626 1179 773 1218 professor,
795 1176 1002 1214 collegiateque
1024 1173 1141 1203 ecclesie

444 1234 544 1264 Sancti
566 1232 724 1262 Saluatoris
748 1229 874 1259 ciuitatis
895 1232 924 1257 et
946 1225 1142 1256 vniuersitatis

444 1285 647 1316 Sanctiandree
662 1283 828 1322 prepositus,
846 1282 893 1310 96.

499 1337 640 1367 Patricius
654 1336 698 1371 de,
715 1336 762 1371 51,
779 1336 827 1363 52.

405 1408 484 1413 —
499 1390 625 1418 Thomas
639 1388 682 1425 de,
700 1389 748 1416 41.

499 1442 625 1471 Thomas
638 1439 733 1469 incola
746 1438 817 1467 ville
831 1437 866 1467 de
881 1436 978 1473 Letht,
995 1437 1042 1464 94.

407 1494 637 1534 Spetalehafflch,
663 1490 891 1531 Spittalehaueh,
917 1488 1075 1527 capellanie
1099 1488 1143 1523 de,

445 1549 506 1578 vide
523 1545 660 1576 Dalketh.

501 1603 574 1628 terre
589 1598 633 1634 de,
650 1598 718 1633 314,
735 1597 803 1626 315.

409 1652 540 1691 Spittale,
558 1650 684 1690 Spittall,
701 1649 838 1686 magister
852 1651 880 1676 et
895 1647 1027 1676 dominus
1040 1646 1143 1674 Henri-

448 1714 507 1739 cus,
523 1704 571 1733 89.

503 1757 565 1785 vide
579 1753 827 1791 Buehquhannan.

412 1808 624 1848 Spittalmylne,
654 1805 865 1844 Spittelmylne,
894 1803 1083 1842 portionarius
1103 1803 1147 1836 dc,

451 1863 510 1890 vide
526 1860 717 1889 Adamesoun.

501 1909 1149 1946 terreetmolendinumde,109,125,144,145.

506 1967 565 1994 vide
579 1964 771 1999 Adamesoun,
786 1962 904 1990 Litstar.

418 2019 496 2057 Spot,
514 2018 605 2055 Spott,
621 2015 774 2050 Ninianus,
790 2015 838 2043 53.

512 2069 665 2104 Walterus,
682 2068 750 2101 296,
766 2068 834 2095 297.

420 2121 546 2160 Spreule,
563 2119 684 2158 Spreull,
707 2117 853 2157 Sprewell,
877 2116 1017 2155 Sprewill,
1038 2115 1154 2155 Spruill,

460 2173 590 2211 Spruyle,
608 2171 731 2210 Spmyll,
746 2170 848 2205 Jamis,
865 2170 933 2197 226.

515 2224 658 2260 Matheus,
674 2224 738 2252 112.

517 2276 666 2312 Patricius,
679 2274 881 2313 prebendarius
895 2273 929 2302 de
944 2272 1016 2308 Hill,
1032 2273 1157 2309 sacrista,

465 2334 495 2358 et
515 2338 588 2357 vnus
608 2332 749 2356 rectorum
770 2326 903 2364 parochie
917 2325 952 2354 de
969 2325 1159 2361 Stricmartin,

468 2382 534 2415 126,
562 2381 627 2415 128,
654 2380 794 2415 133-136,
825 2379 891 2413 142,
920 2378 1061 2411 224-227,
1092 2378 1159 2412 230,

468 2434 535 2468 231,
550 2432 691 2460 234-236.

1056 287 1241 325 INDEX.

1181 385 1308 424 Spreule,
1326 384 1498 421 Willelmus,
1517 385 1584 412 114.

1182 438 1385 477 Sprowistoun,
1402 437 1496 466 Adam
1511 435 1670 475 prepositus
1683 435 1727 471 de,
1744 436 1791 464 26.

1275 490 1440 519 Willelmus
1453 489 1613 528 prepositus
1627 488 1671 524 de,
1688 489 1736 516 26.

1184 544 1294 580 Stanes,
1319 543 1425 579 Stanis,
1447 542 1598 578 Robmtus,
1620 540 1832 579 hospitalarius,
1855 539 1920 573 140,

1226 597 1292 633 142,
1309 597 1376 632 144,
1392 596 1459 631 225,
1476 596 1544 630 232,
1560 594 1629 630 239,
1646 594 1714 622 240.

1277 653 1353 677 terra
1367 651 1533 685 nuncupata
1546 646 1592 682 lie,
1610 646 1678 675 308.

1186 700 1371 737 Stanilandis,
1388 704 1464 728 terra
1478 700 1517 736 in,
1536 700 1582 727 10.

1186 753 1290 789 Stater,
1306 752 1457 788 Robertus,
1472 751 1631 790 prepositus
1644 750 1678 778 de
1695 750 1839 786 Berwyco,
1856 749 1903 777 32.

1187 805 1375 841 Stauentoun,
1399 804 1585 840 Steuensone,
1609 802 1788 837 Stevinsone,
1812 800 1924 830 Stevin-

1227 867 1308 893 soun,
1320 856 1515 892 Stevinstoun,
1526 855 1597 884 alias
1607 852 1924 890 Barbour,Willelmus,

1227 909 1439 947 hospitularius,
1457 909 1524 937 108.

1281 962 1412 990 dominus
1426 960 1532 996 Dauid,
1548 959 1724 997 capellanus,
1738 959 1806 987 325.

1189 1031 1267 1035 -—--
1281 1014 1411 1043 domiuus
1421 1019 1449 1042 et
1461 1012 1598 1050 magister
1606 1010 1779 1045 Willelmus,
1791 1010 1925 1044 notarius,

1231 1069 1277 1095 74.

1191 1136 1269 1140 —-
1285 1119 1436 1154 Henricns,
1452 1117 1601 1155 burgensis
1615 1116 1649 1145 de
1663 1115 1844 1152 Edinburgh,
1862 1116 1927 1143 154.

1285 1171 1393 1207 James,
1411 1171 1478 1198 106.

1286 1222 1458 1258 Willelmus,
1475 1220 1610 1256 notarius,
1627 1221 1695 1249 331.

1194 1276 1289 1311 Smne,
1306 1274 1511 1310 Bartolameus,
1527 1272 1662 1308 notarius,
1681 1272 1747 1300 115.

1195 1328 1378 1364 Steuensone,
1396 1327 1589 1362 Stevinstoun,
1605 1325 1666 1354 vide
1683 1324 1870 1353 Stauentoun.

1195 1381 1326 1417 Stewart,
1348 1379 1522 1415 Alexander,
1544 1376 1801 1407 commendatarius
1822 1385 1930 1404 monas-

1235 1433 1298 1462 terii
1313 1433 1348 1461 de
1364 1432 1482 1470 Scoyne,
1499 1432 1567 1461 328.

1290 1485 1492 1521 Archibaldus,
1518 1484 1668 1522 burgensis
1693 1481 1728 1511 de
1750 1482 1932 1520 Edinbnrgb,

1238 1540 1304 1567 135.

1291 1590 1404 1619 Helena
1436 1589 1588 1619 Achesoun
1624 1600 1725 1629 sponsa
1758 1587 1932 1618 Archibaldi.

1239 1644 1305 1673 135.
1353 1643 1422 1671 Vide
1437 1642 1524 1671 etiam
1540 1642 1639 1679 Bimy.

1290 1695 1424 1731 Jacobus,
1443 1695 1490 1723 63.

1290 1748 1310 1776 J
1313 1756 1426 1783 oannes,
1443 1746 1476 1775 de
1493 1746 1642 1784 Traquair,
1661 1748 1727 1775 117.

1292 1799 1429 1837 magister
1443 1798 1616 1835 Willelmus,
1634 1800 1701 1827 170.

1292 1852 1442 1888 Robertus,
1458 1851 1669 1889 hospitalarius,
1688 1852 1753 1880 108.

1293 1903 1446 1941 Walterns,
1462 1904 1672 1941 hospitularius,
1691 1904 1756 1932 109.

1202 1957 1280 1991 Stob‚
1298 1956 1392 1992 Stobe,
1404 1955 1536 1984 dominns
1546 1956 1566 1985 J
1569 1956 1703 1989 ohannes,
1715 1960 1892 1993 presentatus
1903 1955 1939 1983 ad

1243 2009 1379 2037 vicariam
1394 2008 1601 2046 pensionariam
1616 2008 1650 2037 de
1662 2008 1847 2046 Lempetlaw,
1863 2009 1927 2037 107.

1205 2061 1352 2097 Strabrok,
1369 2061 1497 2089 Kirkhill
1513 2061 1556 2097 de,
1573 2061 1640 2089 283.

1298 2113 1432 2152 parochia
1445 2113 1488 2150 de,
1505 2114 1572 2142 283.

1299 2166 1423 2194 vicarius
1437 2166 1480 2202 de,
1496 2167 1559 2195 vide
1573 2165 1724 2194 Meldrum.

1208 2219 1455 2254 Strachinmartin,
1464 2218 1655 2254 Stratheehin,
1668 2218 1851 2247 Strathechin
1865 2217 1940 2246 Mar-

1247 2277 1324 2309 tyne,
1350 2271 1549 2308 Stratheycyn,
1576 2270 1792 2308 Stratheycyne,
1819 2269 1940 2299 Strathi-

1248 2323 1429 2359 chinmartin,
1453 2323 1712 2359 Strathichmartin,
1730 2322 1940 2359 Strauthymar-

1248 2381 1308 2414 tyn,
1331 2375 1565 2412 Strethmartane,
1589 2376 1808 2413 Strethmartyn,
1833 2373 1943 2403 Streth-

1251 2433 1389 2465 martyne,
1402 2428 1590 2464 Stricmartin,
1601 2425 1943 2466 Strigmartyne,ecclesia
