2147 2964
518 314 730 353 SANCTE
758 313 1076 352 TRINITAOEIS
1102 315 1173 352 DE
1201 314 1536 352 EDINBURGH.
1746 316 1812 353 147

245 414 369 461 sponse
400 420 436 450 et
466 414 662 450 heredibus
693 415 791 451 inter
821 415 915 462 ipsos
946 415 1147 463 procreatis
1175 414 1304 462 quibus
1336 414 1587 450 deficientibus
1618 413 1813 449 heredibus

242 481 399 518 Joannis
418 482 692 530 quibuscunque
711 489 847 519 terram
873 488 909 518 et
936 488 1184 519 tenementum
1211 482 1429 518 anteriorem
1459 482 1640 530 quondam
1661 482 1813 517 Andree

242 549 341 585 Wod
360 550 404 586 de
421 550 543 598 Largo
570 551 694 586 militis
721 551 757 586 in
787 550 874 586 villa
897 551 941 586 de
960 550 1068 586 Leith
1095 563 1137 585 ex
1165 556 1268 598 parte
1296 550 1443 586 australi
1471 563 1564 597 aque
1591 550 1749 586 eiusdem
1776 550 1812 584 in

242 617 393 654 baronia
423 618 468 653 de
498 618 681 666 Restalrig
708 625 744 654 et
774 619 871 655 infra
903 618 1198 654 vicecomitatum
1229 619 1274 654 de
1304 618 1518 654 Edinburch
1550 618 1646 654 inter
1678 624 1812 653 terram

242 686 426 732 quondam
445 685 597 722 Roberti
618 685 722 722 Litill
749 699 848 722 nunc
867 685 1060 722 Elizabeth
1090 685 1206 722 Sauar
1234 687 1451 733 1'pe6tante1n
1479 699 1523 721 ex
1550 692 1653 733 parte
1676 686 1812 721 boreali

241 753 428 800 terrasque
447 754 642 789 interiores
662 767 743 790 cum
764 754 930 790 clausura
948 754 1044 790 dicto
1062 753 1201 789 Joanni
1220 754 1389 789 Fentoun
1413 754 1614 801 spectantes
1633 766 1673 788 ex
1696 754 1809 788 oricu-

241 821 306 857 tali
337 827 454 857 terras
483 828 519 857 et
550 828 797 858 tenementum
829 823 1012 869 quondam
1041 821 1180 857 Joanni
1213 822 1384 858 Gardner
1415 823 1617 869 spectantes
1649 827 1684 856 et
1715 834 1811 856 nunc

243 889 386 925 Thome
408 888 568 926 Smelum
589 903 633 925 ex
651 889 801 926 australi
821 896 857 926 et
876 902 1105 926 communem
1125 890 1220 925 viam
1241 903 1284 925 ex
1304 889 1523 925 occidentali
1538 909 1545 917 ·
1559 889 1701 925 Thome
1717 890 1812 925 Wod

240 957 360 993 incole
388 957 433 993 de
458 957 567 993 Leith
595 957 765 1005 perprius
794 957 1015 993 hereditarie
1046 958 1273 1005 pertinentes
1302 964 1338 994 et
1365 971 1432 1005 per
1459 971 1540 994 eum
1569 958 1703 993 virtute
1731 971 1814 993 con-

241 1027 376 1061 tractus
395 1025 432 1061 in
450 1025 554 1061 libris
573 1025 816 1061 Dominorum
838 1025 989 1063 Consilii
1017 1027 1201 1074 registrati
1229 1027 1274 1062 de
1298 1027 1384 1062 data
1410 1029 1454 1061 18
1475 1026 1696 1062 Novembris
1719 1030 1812 1062 1582

240 1094 439 1142 resignatas
453 1115 460 1123 ·
477 1094 682 1130 Reddendo
702 1094 889 1130 annuatim
910 1097 958 1130 22
971 1108 996 1130 s.
1014 1101 1160 1131 monete
1183 1095 1303 1131 Scotie
1323 1108 1404 1131 cum
1424 1095 1586 1131 seruiciis
1606 1096 1788 1131 curiarum
1805 1118 1811 1123 ·

239 1163 353 1210 Apud
373 1162 579 1211 Collegium
609 1163 657 1200 26
681 1163 906 1199 Nouembris
935 1166 1030 1199 1582
1063 1176 1188 1199 coram
1215 1163 1388 1211 magistro
1418 1163 1581 1211 Georgio
1609 1163 1811 1199 Makesoun

239 1231 419 1267 aduocato
438 1231 600 1267 Patricio
619 1231 747 1280 Logye
765 1231 791 1267 J
794 1244 912 1267 oanne
931 1231 1092 1267 Rowane
1112 1233 1289 1280 burgense
1309 1232 1354 1267 de
1372 1231 1587 1267 Edinburch
1608 1245 1689 1267 cum
1710 1232 1801 1267 aliis.

242 1357 471 1413 Mnols'rna
499 1377 683 1413 Robertus
709 1376 806 1413 Pont
832 1377 1034 1425 prepositus
1059 1378 1294 1426 prebendarii
1322 1384 1357 1413 et
1385 1377 1564 1425 capellani
1594 1378 1811 1413 confirmant

239 1451 378 1481 cartam
398 1445 461 1481 sub
485 1445 554 1481 hac
578 1446 697 1480 forma
715 1466 723 1474 ·
745 1445 976 1481 GULlssLMth
999 1445 1181 1489 Quhittok
1204 1446 1306 1481 faber
1324 1445 1418 1481 filius
1446 1452 1482 1481 et
1500 1445 1606 1481 heres
1626 1446 1809 1493 quondam

238 1513 388 1549 Patricii
405 1512 589 1556 Quhittok
604 1514 739 1549 virtute
759 1515 966 1549 eontraaus
986 1513 1265 1550 matrimonialis
1284 1514 1382 1549 inter
1401 1514 1515 1561 ipsum
1535 1526 1616 1549 cum
1637 1515 1810 1549 consensu

237 1581 369 1618 Jacobi
391 1582 612 1630 Henrysoun
639 1581 678 1617 in
697 1581 913 1617 Polkatsseif
937 1582 982 1617 ab
1003 1595 1073 1618 vna
1100 1588 1135 1618 et
1160 1581 1384 1630 Stephanum
1404 1582 1460 1617 Ra
1477 1581 1651 1617 Jonetam
1671 1582 1810 1617 Purvcs

238 1651 316 1686 eius
335 1651 527 1698 coniugem
547 1656 584 1685 et
603 1649 799 1686 Cristinam
820 1649 900 1685 Raa
919 1662 1044 1684 eorum
1067 1650 1177 1685 filiam
1205 1650 1250 1684 ab
1278 1649 1394 1685 altera
1412 1649 1457 1684 de
1477 1649 1562 1684 data
1581 1650 1677 1696 apud
1697 1649 1808 1684 Edin-

237 1718 354 1754 burch
373 1720 420 1754 26
438 1717 544 1754 Junii
566 1720 660 1753 1582
685 1724 720 1753 et
746 1729 813 1765 pro
838 1718 995 1764 quadam
1022 1717 1159 1752 summa
1185 1716 1339 1765 pecunie
1364 1717 1531 1753 concedit
1551 1717 1588 1752 in
1609 1717 1710 1753 vitali
1730 1719 1809 1753 red-

238 1786 318 1822 ditu
348 1786 443 1821 dicte
473 1785 631 1822 Cristine
663 1785 741 1820 eius
771 1785 893 1820 future
925 1785 1073 1833 coniugi
1103 1795 1138 1821 et
1169 1785 1365 1820 heredibus
1392 1785 1488 1820 inter
1515 1785 1606 1832 ipsos
1634 1785 1809 1833 legittime

239 1854 475 1903 procreandis
494 1854 623 1901 quibus
643 1853 896 1889 deficientibus
923 1853 1119 1889 heredibus
1146 1853 1254 1901 ipsius
1276 1853 1451 1889 Gulielmi
1475 1859 1510 1889 et
1529 1853 1712 1901 affignatis
1732 1855 1809 1901 qui-

238 1923 450 1970 buscunque
478 1928 552 1959 tres
579 1922 658 1957 suas
685 1922 814 1956 domus
842 1922 1014 1969 contigue
1041 1922 1251 1958 adiacentes
1281 1922 1378 1957 infra
1406 1921 1630 1957 territorium
1660 1922 1810 1957 ecclesie

240 1991 433 2039 collegiate
463 1990 546 2039 [etc.
575 1997 614 2026 ut
640 1990 748 2037 supra
776 1989 846 2025 No.
867 1989 929 2037 74]
952 2011 959 2018 ·
980 1990 1093 2038 Apud
1120 1990 1335 2025 Edinburch
1367 1992 1415 2025 28
1441 1989 1533 2025 Julii
1563 1992 1658 2025 1582
1686 2003 1808 2025 coram

239 2061 386 2096 Joanne
406 2059 541 2094 Touris
568 2059 670 2094 fabro
690 2058 852 2094 Roberto
871 2057 1007 2092 Foular
1029 2057 1174 2093 Joanne
1203 2057 1425 2105 Henrysoun
1452 2057 1598 2093 lanione
1626 2058 1809 2106 burgensi-

240 2129 306 2164 bus
323 2129 368 2164 de
387 2126 600 2163 Edinburch
620 2125 763 2161 Jacobo
783 2125 1005 2173 Henrysoun
1034 2126 1071 2161 in
1098 2124 1310 2161 Poleatsseif
1333 2131 1369 2160 et
1386 2124 1533 2161 Joanne
1553 2125 1810 2173 lVardrupper

241 2197 335 2245 apud
356 2196 563 2243 Collegium
583 2199 831 2230 commorante
851 2199 887 2228 et
905 2193 1048 2228 Jacobo
1068 2193 1314 2240 Henrysoune
1333 2194 1476 2229 notario
1496 2206 1576 2229 cum
1597 2194 1676 2229 aliis
1692 2215 1698 2221 -
1714 2195 1808 2229 Con-

241 2264 397 2301 firmatio
417 2265 503 2300 data
521 2263 619 2311 apud
637 2262 770 2298 dictum
791 2261 998 2309 Collegium
1019 2261 1067 2298 26
1086 2260 1307 2297 Novembris
1329 2263 1436 2296 1582.

110 2400 179 2432 122
244 2385 546 2439 Hosmumnn
566 2405 601 2435 et
619 2398 791 2446 magister
810 2396 994 2445 hospitalis
1013 2409 1094 2432 cum
1115 2397 1287 2432 consensu
1308 2396 1478 2444 prepositi
1497 2404 1533 2432 et
1551 2398 1810 2444 prebendario-

244 2482 324 2506 rum
352 2468 559 2505 concedunt
584 2466 770 2504 Gulielmo
797 2465 932 2501 Foular
958 2464 1127 2513 burgensi
1156 2465 1201 2500 de
1228 2464 1444 2501 Edinburch
1471 2465 1598 2501 heredi
1625 2467 1808 2512 quondam
