2147 2964
746 313 972 350 TRINITY
1002 311 1254 349 COLLEGE.
1754 321 1796 343 cv

234 415 368 448 valorem
383 424 526 446 annuum
548 417 584 444 ut
607 413 754 445 asseritur
769 424 831 444 non
847 412 1004 444 excedunt
1025 411 1127 442 cidem
1152 409 1312 451 Hospitali
1334 408 1492 440 ordinaria
1507 407 1694 439 auctoritate
1710 406 1798 438 unite

233 474 264 502 et
280 469 462 513 [annexate]
477 479 532 510 pro
547 478 656 500 eorum
671 468 873 500 subsistentia
887 467 1017 498 firmiori
1034 466 1127 497 robur
1140 464 1318 507 Apostolice
1334 463 1579 496 confirmationis
1594 462 1727 504 adjicere
1742 472 1800 493 nec

233 536 294 556 non
310 525 350 556 ad
366 523 601 555 habundantem
619 523 774 555 cautelam
790 523 950 554 ecclesiam
975 522 1147 563 predictam
1171 521 1201 552 in
1219 520 1426 561 Collegiatam
1448 529 1521 550 cum
1539 517 1682 559 insigniis
1698 517 1799 549 Colle-

231 579 365 621 gialibus
381 578 418 609 de
435 588 514 609 novo
529 578 646 618 erigere
662 581 693 609 ct
708 577 786 608 alias
801 588 894 618 super
909 576 969 608 hiis
990 581 1142 617 oportune
1165 575 1327 617 providere
1347 575 1385 606 de
1408 573 1602 615 benignitate
1618 572 1801 614 Apostolica

231 634 432 675 dignaremur
475 633 542 664 Nos
561 632 658 674 igitur
673 632 727 674 qui
743 632 842 664 divini
859 632 963 663 cultus
979 634 1185 673 augmentum
1202 641 1238 662 ac
1254 640 1427 671 pauperum
1444 633 1476 660 ct
1491 629 1714 660 miserabilium
1733 638 1800 669 per-

231 699 377 721 sonarum
393 688 558 720 commoda
577 691 644 720 tota
670 692 775 720 mente
799 687 978 729 appetimus
1002 685 1184 727 hujusmodi
1210 684 1494 726 supplicationibus
1519 683 1662 716 inclinati
1687 683 1800 714 funda-

231 744 348 775 tionem
364 743 557 775 dotationem
580 742 728 774 unionem
752 747 784 774 et
806 742 1051 774 annexationem
1066 740 1222 782 predictas
1245 743 1328 771 ratas
1351 739 1501 771 habentes
1521 743 1554 770 et
1575 740 1681 779 gratas
1695 748 1747 769 eas
1769 741 1801 769 et

230 809 414 840 quecunque
437 797 510 829 inde
533 802 639 830 secuta
661 798 848 830 auctoritate
871 796 1053 839 Apostolica
1083 798 1189 827 tenore
1213 794 1408 836 presentium
1430 793 1642 835 approbamus
1669 797 1701 824 et
1726 803 1800 824 con-

229 854 393 885 firmamus
408 853 589 894 supplentes
604 863 712 884 omnes
728 852 867 885 defectus
889 852 915 884 si
937 852 994 894 qui
1015 851 1120 882 forsan
1136 850 1362 882 intervenerint
1385 849 1500 881 eisdem
1523 853 1555 881 et
1577 848 1800 880 nichilominus

229 911 260 940 et
287 918 344 949 pro
370 907 498 949 potioris
524 907 668 940 cauthele
694 907 842 949 suffragio
871 907 1004 939 eandem
1022 905 1192 949 ‘ecclesiam
1222 906 1255 937 in
1285 905 1493 946 Collegiatam
1523 915 1595 936 cum
1625 903 1802 945 insignibus

230 963 453 1005 Collegialibus
468 963 506 995 de
522 974 603 995 novo
615 963 769 1005 erigentes
780 973 899 995 necnon
916 972 1119 1004 quascunque
1134 961 1308 993 oblationes
1325 961 1467 992 fidelium
1481 971 1542 1002 que
1557 959 1659 992 eidem
1675 959 1801 991 ecclesie

230 1019 350 1060 proprie
366 1018 549 1050 obvenirent
564 1018 597 1050 in
613 1019 681 1060 ejus
695 1019 849 1050 fabricam
865 1021 896 1050 et
918 1018 1149 1060 reparationem
1164 1017 1389 1049 convertendas
1404 1016 1469 1048 fore
1485 1016 1686 1047 decernentes
1702 1015 1801 1056 ipsius

230 1074 302 1105 novi
322 1073 494 1115 Hospitalis
511 1074 659 1115 magistro
675 1074 739 1105 sive
754 1073 865 1105 rectori
881 1073 1030 1105 moderno
1046 1078 1077 1104 et
1092 1073 1148 1114 qui
1170 1083 1226 1114 pro
1243 1077 1382 1114 tempore
1405 1071 1464 1105 erit
1486 1071 1571 1114 quod
1593 1071 1747 1103 universis
1769 1073 1800 1102 et

230 1129 361 1170 singulis
377 1129 540 1170 utriusque
556 1139 647 1160 sexus
663 1128 809 1160 fidelibus
824 1128 858 1160 in
880 1139 916 1160 eo
938 1139 994 1170 pro
1017 1133 1157 1170 tempore
1179 1128 1449 1161 commorantibus
1471 1131 1502 1160 et
1525 1127 1746 1160 decedentibus
1769 1127 1801 1158 in

230 1184 338 1215 eodem
354 1194 410 1216 nec
426 1195 488 1215 non
504 1183 574 1215 aliis
590 1183 623 1215 iu
640 1183 694 1215 illo
710 1183 918 1216 servientibus
934 1184 1041 1216 omnia
1056 1188 1088 1216 et
1110 1184 1236 1226 singula
1251 1183 1459 1216 ecclesiastica
1482 1187 1677 1215 sacramenta
1692 1182 1801 1214 minis-

231 1245 317 1271 trare·
329 1239 423 1271 libere
447 1243 478 1271 et
500 1238 585 1270 licite
608 1239 710 1270 valeat
733 1239 860 1280 plenam
882 1242 914 1271 et
937 1239 1068 1271 liberam
1091 1239 1278 1272 auctoritate
1300 1240 1494 1281 presentium
1518 1241 1706 1280 potestatem
1729 1248 1800 1270 con-

231 1295 371 1326 cedimus
393 1299 425 1326 et
447 1294 633 1326 facultatem
664 1294 737 1325 Non
761 1294 958 1326 obstantibus
984 1295 1263 1327 constitutionibus
1285 1298 1317 1326 et
1339 1294 1590 1326 ordinationibus
1613 1292 1802 1336 Apostolicis

232 1349 401 1390 ceterisque
428 1349 591 1380 contrariis
617 1348 857 1390 quibuscunque
887 1349 954 1380 Nos
976 1350 1060 1381 enim
1086 1360 1211 1381 exnunc
1237 1349 1363 1381 irritum
1387 1349 1583 1381 decernimus
1606 1351 1638 1380 et
1660 1349 1753 1380 inane
1775 1348 1801 1380 si

232 1415 320 1436 secus
336 1415 428 1445 super
439 1404 499 1435 hiis
511 1415 530 1435 a
541 1414 701 1445 quoquam
713 1404 823 1445 quavis
834 1404 1020 1436 auctoritate
1036 1404 1168 1436 scienter
1179 1404 1227 1436 vel
1243 1404 1422 1445 ignoranter
1434 1403 1600 1446 contigerit
1618 1403 1802 1445 attemptari

234 1459 324 1491 Nulli
340 1470 414 1501 ergo
430 1464 486 1491 etc.
504 1463 608 1491 nostre
630 1459 876 1491 confirmationis
899 1460 1132 1501 approbationis
1152 1459 1359 1501 suppletionis
1381 1459 1546 1492 erectionis
1568 1458 1803 1491 constitutionis

234 1521 265 1546 et
292 1514 461 1546 voluntatis
491 1513 668 1556 infringere.
726 1513 759 1546 Si
785 1513 855 1555 quis
879 1518 986 1546 autem
1008 1518 1064 1547 etc.
1117 1515 1237 1546 Datum
1264 1515 1296 1546 in
1326 1514 1466 1546 Abbatia
1497 1515 1603 1547 Sancti
1632 1514 1802 1547 Salvatoris

235 1569 427 1601 Clusinensis
449 1568 578 1602 diocesis
599 1569 695 1601 Anno
717 1574 774 1601 etc.
792 1578 976 1602 ΜΟΟΟΟΒΧΠ.
1022 1570 1118 1602 Sexto
1141 1570 1218 1602 Idus
1239 1569 1328 1602 Julii.
1375 1570 1584 1602 Pontificatus
1600 1570 1696 1602 nostri
1720 1580 1802 1601 anno

237 1626 364 1664 Quarto.

323 1735 403 1767 Pms
427 1745 460 1766 11.
486 1735 766 1767 arc—Universa
789 1735 911 1767 Christi
934 1735 1080 1767 fidelibus
1106 1740 1264 1778 presentes
1295 1736 1399 1768 literas
1430 1735 1616 1778 inspecturis
1660 1736 1802 1768 Salutem

235 1794 290 1823 etc.
338 1790 517 1822 Maximum
533 1795 616 1822 certe
632 1801 748 1821 munus
764 1789 946 1822 Christiano
961 1791 1079 1833 populo
1094 1791 1226 1823 conferri
1247 1791 1326 1823 solet
1340 1802 1411 1823 cum
1429 1791 1456 1824 ei
1479 1792 1520 1824 ad
1535 1792 1700 1824 diluendas
1714 1803 1802 1824 men-

235 1846 315 1878 tium
331 1846 470 1878 maculas
486 1848 517 1878 et
532 1845 677 1877 celestem
695 1845 925 1878 beatitudinem
941 1838 1191 1888 consequendam
1208 1852 1385 1888 opportuna
1400 1848 1500 1889 pietas
1515 1847 1756 1880 misericorditer
1771 1858 1803 1879 se

234 1901 325 1933 offert
348 1901 510 1943 presertim
526 1902 580 1933 ubi
603 1901 697 1933 simul
714 1906 746 1933 et
761 1900 872 1933 domus
888 1901 949 1932 Dei
965 1902 1135 1943 amplietur
1152 1906 1184 1934 et
1206 1902 1378 1943 indigentie
1401 1913 1574 1944 pauperum
1592 1903 1712 1935 Christi
1735 1913 1803 1934 suc-

235 1960 362 1988 curatur
377 1956 493 1998 quique
515 1967 587 1988 vero
604 1956 811 1998 Omnipotens
834 1956 899 1998 ipse
922 1956 1024 1988 multo
1045 1957 1198 1999 ampliora
1219 1958 1340 1990 meritis
1355 1968 1486 1990 munera
1501 1958 1712 1991 indesinenter
1727 1959 1803 2000 ipsis

235 2012 380 2044 fidelibus
403 2012 549 2044 retribuit
571 2016 678 2044 tamen
694 2012 734 2044 ad
757 2023 865 2044 eorum
888 2012 1119 2045 confirmandos
1134 2013 1377 2055 excitandosque
1392 2013 1514 2046 animos
1536 2014 1710 2056 benignum
1734 2025 1803 2046 nos-

235 2073 321 2099 trum
337 2072 369 2100 et
384 2067 564 2109 Apostolice
580 2067 670 2100 Sedis
692 2067 743 2110 pie
766 2067 876 2099 matris
898 2068 1055 2110 gremium
1077 2068 1246 2100 clementer
1269 2069 1442 2110 patefacere
1457 2069 1675 2101 consuevimus
1698 2069 1802 2111 Igitur

235 2123 394 2155 intellecto
423 2123 508 2165 quod
544 2134 599 2165 per
632 2123 848 2155 charissimam
878 2123 911 2155 in
943 2124 1071 2156 Christo
1098 2123 1199 2155 filiam
1230 2124 1364 2156 Mariam
1399 2124 1481 2157 clare
1510 2124 1659 2157 memorie
1689 2125 1802 2157 Jacobi

236 2178 372 2210 Secundi
395 2178 560 2211 Scotorum
584 2178 680 2220 Regis
702 2178 844 2210 relictam
868 2179 995 2210 viduam
1018 2179 1151 2220 insignis
1173 2179 1347 2221 Collegiata
1369 2179 1497 2212 ecclesia
1519 2180 1583 2212 sive
1605 2180 1724 2222 capella
1746 2185 1803 2213 aut

237 2233 401 2274 Hospitale
413 2243 588 2275 pauperum
601 2233 713 2266 Sancte
724 2233 888 2265 Trinitatis
899 2237 989 2266 extra
1000 2234 1153 2276 oppidum
1165 2235 1284 2276 regium
1298 2235 1336 2266 de
1349 2235 1538 2278 Edinburgh
1551 2236 1659 2269 Sancti
1675 2236 1802 2268 Andree

237 2289 365 2321 diocesis
386 2288 520 2320 fundata
535 2291 566 2321 et
582 2299 638 2330 pro
653 2299 714 2320 vno
729 2289 886 2331 preposito
907 2300 943 2321 ac
959 2290 1065 2321 decem
1081 2290 1130 2321 vel
1147 2290 1311 2322 duodecim
1334 2291 1471 2333 personis
1489 2291 1704 2324 ecclesiasticis
1718 2303 1804 2334 pres-

237 2344 352 2385 byteris
368 2347 400 2376 et
414 2343 534 2376 clericis
556 2343 635 2376 inibi
650 2343 853 2385 collegialiter
868 2348 900 2376 et
923 2349 1074 2386 perpetuo
1089 2345 1255 2378 Altissimo
1269 2345 1498 2378 famulantibus
1512 2351 1615 2380 erecta
1629 2359 1665 2380 ac
1680 2349 1802 2390 magni-

239 2400 296 2432 fico
314 2404 346 2432 et
368 2402 551 2441 sumptuoso
573 2410 664 2441 opere
686 2399 871 2432 continuata
893 2400 1000 2432 extitit
1022 2403 1054 2432 et
1076 2411 1172 2442 quam
1195 2411 1249 2433 seu
1271 2402 1355 2443 quod
1377 2401 1484 2434 divina
1501 2408 1686 2445 cooperante
1702 2405 1803 2446 gratia

237 2454 414 2487 carissimus
437 2454 469 2486 in
485 2454 611 2487 Christo
627 2455 711 2487 filius
726 2460 830 2487 noster
844 2455 982 2488 <Iacobus
997 2455 1108 2488 tertius
1123 2456 1217 2488 etiam
1230 2456 1393 2489 Scotorum
1406 2458 1573 2490 modernus
1589 2459 1656 2491 Rex
1674 2459 1804 2492 illustris

1011 2522 1028 2542 o
