2147 2964
136 606 183 641 (30

469 304 681 341 SANCTE
710 305 1027 343 TRINITATIS
1055 305 1125 342 DE
1153 305 1485 344 EDINBURGH.
1748 311 1816 343 123

249 477 362 513 Carta
382 477 533 513 Roberti
554 477 651 512 Wod
672 479 716 513 de
736 484 945 514 tenemento
966 479 1001 514 in
1022 479 1139 514 Leitb.

250 583 446 638 OMMBUS
553 601 737 649 Georgius
766 600 1019 648 Clappertoun
1046 602 1247 649 prepositus
1278 602 1380 651 [etc.]
1412 604 1501 638 dant
1528 603 1690 639 Roberto
1719 604 1816 639 wod

247 670 351 705 fratri
378 682 554 717 germano
574 670 727 705 Andree
748 668 847 704 Wod
873 669 918 704 de
936 669 1059 716 Largo
1082 669 1276 706 Elizabeth
1304 670 1431 719 Logan
1461 671 1537 707 eius
1564 672 1686 719 sponse
1705 702 1710 706 .
1730 701 1735 706 .
1756 701 1760 705 .
1782 679 1817 707 et

245 736 441 772 heredibus
460 737 556 772 inter
575 749 636 772 eos
655 736 856 784 procreatis
874 764 880 770 .
900 765 907 771 .
927 765 932 770 .
952 736 1083 783 quibus
1103 737 1357 774 deficientibus
1376 739 1571 774 heredibus
1589 768 1595 774 .
1615 769 1620 774 .
1641 768 1646 773 .
1666 741 1815 775 Andr-eo

248 803 344 839 Wod
371 805 416 839 de
441 803 563 852 Largo
592 804 867 851 quibuscunque
886 832 892 838 .
910 831 916 837 .
936 832 941 837 .
962 810 1096 840 terram
1125 804 1198 840 fiue
1225 806 1372 841 domum
1401 808 1622 842 anteriorem
1641 836 1646 841 .
1667 837 1671 841 .
1692 837 1697 842 .
1718 814 1816 843 tene-

245 872 358 907 menti
378 872 464 907 olim
482 871 702 919 pertinentis
719 871 903 919 quondam
922 871 1075 908 Andree
1094 872 1193 908 Wod
1216 874 1261 908 de
1280 874 1402 922 Largo
1421 875 1544 911 militis
1563 904 1568 909 .
1589 904 1594 909 .
1611 903 1616 908 .
1637 876 1816 911 iacentem

245 940 283 975 in
311 939 399 975 villa
425 940 470 975 de
499 939 607 975 Leith
639 952 682 975 ex
713 945 818 987 parte
850 939 998 975 australi
1030 953 1123 988 aque
1155 941 1314 977 eiusdem
1347 943 1443 978 inter
1470 949 1606 979 terram
1634 945 1816 990 quondam

244 1008 269 1043 J
272 1008 399 1044 oannis
420 1008 592 1045 Gardner
612 1021 655 1044 ex
674 1014 779 1056 parte
799 1008 948 1044 australi
969 1015 1103 1045 terram
1123 1010 1304 1056 quondam

245 1089 287 1112 ex
317 1082 420 1124 parte
447 1077 587 1112 boreali
613 1082 731 1112 terras
758 1076 976 1125 posteriores
1002 1077 1208 1114 huiusmodi
1236 1080 1435 1115 tenementi
1465 1092 1508 1115 ex
1527 1086 1630 1128 parte
1650 1081 1817 1116 orientali

246 1152 281 1181 et
309 1157 539 1180 communem
568 1145 663 1180 viam
695 1145 835 1193 regiam
867 1158 911 1180 ex
943 1151 1047 1193 parte
1076 1146 1296 1182 occidentali
1324 1147 1361 1182 in
1388 1147 1542 1183 baronia
1566 1148 1611 1183 de
1638 1148 1818 1195 Restalrig

273 1226 430 1261 ..quam
461 1213 555 1249 idem
583 1242 589 1247 .
619 1242 624 1247 .
649 1242 654 1247 .
683 1213 881 1260 refignauit
898 1243 904 1249 .
924 1242 930 1248 .
949 1242 955 1247 .
976 1214 1180 1250 Reddendo
1212 1215 1298 1250 inde
1327 1216 1516 1251 annuatim
1543 1245 1548 1250 .
1577 1245 1581 1250 .
1610 1246 1615 1251 .
1646 1218 1816 1252 summam

249 1282 378 1329 viginti
399 1282 554 1316 duorum
572 1281 768 1317 solidorum
789 1309 794 1315 .
815 1311 821 1317 .
842 1310 847 1315 .
868 1295 949 1318 cum
974 1283 1122 1318 seruitio
1149 1283 1334 1319 curiarum
1359 1284 1397 1319 in
1417 1284 1533 1319 tribus
1553 1286 1664 1320 curiis
1684 1286 1818 1332 capita—

249 1349 342 1384 libus
360 1379 365 1383 .
385 1377 390 1383 .
410 1378 416 1383 .
437 1348 580 1397 collegii
599 1377 604 1382 .
625 1377 629 1382 .
649 1377 655 1384 .
675 1353 697 1383 4
717 1348 908 1385 Februarii
930 1354 1024 1386 1558
1043 1379 1048 1384 .
1068 1380 1073 1385 .
1093 1379 1098 1385 .

252 1418 453 1453 Gssonmns
467 1416 751 1453 CLAPPERTOUN
764 1418 984 1465 prepositus.
1000 1447 1007 1453 .
1024 1446 1030 1452 .
1058 1419 1244 1455 Dommus
1263 1419 1432 1456 JAcoBUs
1453 1420 1616 1457 WRICHT
1636 1449 1642 1456 .
1661 1448 1668 1456 .
1687 1450 1694 1457 .

250 1486 434 1522 DoMlNus
455 1486 586 1521 Anaxa
605 1485 839 1521 Hssxmsoun
858 1514 865 1521 .
885 1514 892 1520 .
910 1514 917 1521 .
1060 1487 1245 1523 DoMthJs
1265 1487 1441 1524 JOANNES
1463 1488 1697 1525 ΒΑΝΝΑΤΥΝΕ
1717 1518 1724 1524 .
1742 1517 1749 1524 .
1767 1517 1774 1523 .

248 1554 431 1591 ΒοΜῙΝυε
452 1553 582 1590 Dimum
604 1553 675 1590 Suu
693 1582 700 1588 .
717 1582 724 1588 .
743 1582 749 1588 .
1062 1554 1245 1591 Dommus
1265 1555 1508 1592 Wumzmuus
1530 1556 1723 1593 YOUNGER
1740 1586 1746 1592 .
1766 1586 1772 1592 .
1791 1585 1798 1592 .

249 1623 300 1658 M.
322 1623 485 1659 MARCUS
505 1622 615 1657 LAMB
632 1649 640 1657 .
658 1649 665 1657 .
683 1650 690 1657 .
1058 1622 1242 1659 Donamus
1261 1623 1435 1660 JOANNES
1458 1624 1638 1664 LYTHQW.

349 1691 449 1726 Data
466 1690 580 1726 safina
599 1718 606 1726 .
629 1718 636 1726 .
658 1718 665 1725 .
687 1690 850 1726 Roberto
869 1690 968 1726 Wod
987 1696 1022 1726 et
1042 1718 1049 1725 .
1070 1719 1075 1725 .
1096 1721 1101 1726 .
1120 1691 1180 1726 sue
1199 1692 1324 1739 sponse
1343 1721 1349 1727 .
1369 1720 1375 1726 .
1393 1720 1399 1725 .
1419 1695 1467 1727 30
1486 1692 1619 1728 Marcii
1642 1696 1736 1733 1559
1755 1724 1760 1728 .
1781 1724 1785 1728 .
1809 1722 1816 1728 .

347 1759 482 1794 Datum
514 1764 727 1806 preceptum
760 1758 871 1794 safine
903 1757 1047 1794 Thome
1076 1758 1174 1794 Wod
1201 1759 1266 1794 filii
1297 1766 1332 1795 et
1363 1760 1508 1796 heredis
1538 1761 1689 1798 Roberti
1718 1762 1814 1797 Wod

494 1826 553 1861 die
695 1825 828 1862 Marcii
848 1838 944 1861 anno
964 1832 1033 1862 etc.
1054 1827 1313 1875 septuagesimo
1333 1828 1450 1864 tertio.

248 2041 402 2077 Maister
420 2040 445 2076 J
448 2042 538 2077 amis
560 2041 678 2078 Scotis
697 2042 770 2077 and
788 2041 963 2077 Villiame
985 2041 1118 2077 Scottis
1135 2042 1198 2077 tak
1218 2043 1258 2077 of
1272 2043 1461 2091 Kyrkvrd.

248 2149 342 2269 Bet
349 2165 375 2201 it
393 2165 517 2200 kend.
560 2178 635 2200 ‚ws
655 2164 747 2212 Scyl·
768 2163 915 2210 George
945 2164 1196 2212 Clappertoun
1225 2165 1371 2212 prouest
1395 2165 1543 2214 [etc.]..
1563 2172 1626 2202 ,το
1646 2167 1724 2202 haif
1747 2168 1812 2203 sett

435 2232 606 2268 ,Maistir
632 2232 758 2268 James
787 2231 890 2267 Seott
916 2232 1061 2279 prouest
1080 2232 1119 2267 of
1144 2231 1383 2280 Corstorphin
1403 2234 1475 2268 and
1494 2241 1531 2270 to
1547 2233 1705 2270 william
1729 2234 1813 2271 Seot

249 2239 389 2349 burges
400 2301 440 2336 of
454 2300 693 2336 Edinburch.
737 2300 824 2336 .the
848 2300 1049 2348 personage
1069 2300 1109 2334 of
1132 2312 1219 2335 oure
1246 2300 1333 2335 kirk
1356 2301 1396 2336 of
1419 2301 1631 2337 Kirkwird.
1676 2303 1738 2350 ,1)
1742 2304 1813 2338 and

249 2369 286 2403 in
306 2368 367 2404 the
387 2368 506 2404 dioeie
531 2369 571 2403 of
596 2368 739 2414 Glesqw
765 2368 838 2403 and
864 2367 1115 2403 schireffdome
1143 2368 1183 2403 of
1205 2367 1328 2415 Peplis
1355 2369 1411 2404 for
1429 2397 1434 2403 .
1455 2398 1484 2403 ..
1510 2376 1675 2418 nyntyne
1702 2372 1814 2419 yeiris

275 2465 280 2470 .
300 2465 305 2470 .
326 2437 410 2472 eftir
429 2466 435 2472 .
455 2464 460 2469 .
481 2465 486 2470 .
507 2436 568 2471 the
595 2435 676 2471 feist
695 2464 699 2468 .
720 2463 724 2468 .
746 2464 751 2468 .
774 2435 872 2470 callit
891 2435 1059 2472 Lammes
1078 2466 1083 2471 .
1103 2466 1108 2470 .
1128 2466 1133 2471 .
1153 2435 1186 2470 i³i
1212 2441 1244 2470 vc
1262 2436 1299 2472 lx
1325 2437 1437 2485 yeiris
1454 2467 1459 2472 .
1477 2467 1481 2471 .
1499 2466 1504 2471 .
1523 2438 1675 2486 Payand
1704 2440 1813 2476 thair—
