<?xml version="1.0" encoding="UTF-8"?>
<!DOCTYPE html PUBLIC "-//W3C//DTD XHTML 1.0 Transitional//EN"
    "http://www.w3.org/TR/xhtml1/DTD/xhtml1-transitional.dtd">
<html xmlns="http://www.w3.org/1999/xhtml" xml:lang="en" lang="en">
 <head>
  <title>
</title>
<meta http-equiv="Content-Type" content="text/html;charset=utf-8" />
  <meta name='ocr-system' content='tesseract 3.04.00' />
  <meta name='ocr-capabilities' content='ocr_page ocr_carea ocr_par ocr_line ocrx_word'/>
</head>
<body>
  <div class='ocr_page' id='page_1' title='image "./registrumdomusde00lain_0349.png"; bbox 0 0 2147 2964; ppageno 0'>
   <div class='ocr_carea' id='block_1_1' title="bbox 108 476 176 507">
    <p class='ocr_par' dir='ltr' id='par_1_1' title="bbox 108 476 176 507">
     <span class='ocr_line' id='line_1_1' title="bbox 108 476 176 507; baseline 0.015 -1"><span class='ocrx_word' id='word_1_1' title='bbox 108 476 176 507; x_wconf 83' lang='lat'>155</span> 
     </span>
    </p>
   </div>
   <div class='ocr_carea' id='block_1_2' title="bbox 524 303 1816 349">
    <p class='ocr_par' dir='ltr' id='par_1_2' title="bbox 524 303 1816 349">
     <span class='ocr_line' id='line_1_2' title="bbox 524 303 1816 349; baseline 0.005 -10"><span class='ocrx_word' id='word_1_2' title='bbox 524 303 736 341; x_wconf 87' lang='lat' dir='ltr'>SANCTE</span> <span class='ocrx_word' id='word_1_3' title='bbox 764 305 1082 342; x_wconf 87' lang='lat' dir='ltr'><strong>TRINITATIS</strong></span> <span class='ocrx_word' id='word_1_4' title='bbox 1109 305 1180 341; x_wconf 87' lang='lat' dir='ltr'>DE</span> <span class='ocrx_word' id='word_1_5' title='bbox 1207 306 1543 344; x_wconf 81' lang='lat' dir='ltr'>EDINBURGII.</span> <span class='ocrx_word' id='word_1_6' title='bbox 1747 311 1816 349; x_wconf 77' lang='lat'>173</span> 
     </span>
    </p>
   </div>
   <div class='ocr_carea' id='block_1_3' title="bbox 229 450 1812 2494">
    <p class='ocr_par' dir='ltr' id='par_1_3' title="bbox 235 450 1812 1131">
     <span class='ocr_line' id='line_1_3' title="bbox 241 450 1810 526; baseline 0.006 -22"><span class='ocrx_word' id='word_1_7' title='bbox 241 450 478 504; x_wconf 79' lang='lat' dir='ltr'><strong>COMPOTUM</strong></span> <span class='ocrx_word' id='word_1_8' title='bbox 507 471 727 506; x_wconf 87' lang='lat' dir='ltr'>venerabilis</span> <span class='ocrx_word' id='word_1_9' title='bbox 759 476 794 506; x_wconf 88' lang='lat' dir='ltr'>et</span> <span class='ocrx_word' id='word_1_10' title='bbox 826 471 966 519; x_wconf 81' lang='lat' dir='ltr'>egregii</span> <span class='ocrx_word' id='word_1_11' title='bbox 999 472 1064 508; x_wconf 88' lang='lat' dir='ltr'>viri</span> <span class='ocrx_word' id='word_1_12' title='bbox 1092 474 1253 521; x_wconf 85' lang='lat' dir='ltr'>magistri</span> <span class='ocrx_word' id='word_1_13' title='bbox 1280 475 1462 511; x_wconf 77' lang='lat' dir='ltr'>Johannis</span> <span class='ocrx_word' id='word_1_14' title='bbox 1491 476 1614 525; x_wconf 83' lang='lat' dir='ltr'>Brady</span> <span class='ocrx_word' id='word_1_15' title='bbox 1642 479 1810 526; x_wconf 73' lang='lat' dir='ltr'>prepositi</span> 
     </span>
     <span class='ocr_line' id='line_1_4' title="bbox 241 535 1812 593; baseline 0.008 -22"><span class='ocrx_word' id='word_1_16' title='bbox 241 535 391 572; x_wconf 79' lang='lat' dir='ltr'>ecclesie</span> <span class='ocrx_word' id='word_1_17' title='bbox 408 537 600 585; x_wconf 84' lang='lat' dir='ltr'>collegiate</span> <span class='ocrx_word' id='word_1_18' title='bbox 622 538 752 575; x_wconf 53' lang='lat' dir='ltr'>Sancte</span> <span class='ocrx_word' id='word_1_19' title='bbox 773 539 968 576; x_wconf 81' lang='lat' dir='ltr'>Trinitatis</span> <span class='ocrx_word' id='word_1_20' title='bbox 987 553 1100 588; x_wconf 89' lang='lat' dir='ltr'>prope</span> <span class='ocrx_word' id='word_1_21' title='bbox 1120 542 1338 591; x_wconf 75' lang='lat' dir='ltr'>Edinburgh</span> <span class='ocrx_word' id='word_1_22' title='bbox 1358 545 1540 580; x_wconf 89' lang='lat' dir='ltr'>redditum</span> <span class='ocrx_word' id='word_1_23' title='bbox 1561 547 1658 593; x_wconf 85' lang='lat' dir='ltr'>apud</span> <span class='ocrx_word' id='word_1_24' title='bbox 1677 548 1812 583; x_wconf 57' lang='lat' dir='ltr'>dietum</span> 
     </span>
     <span class='ocr_line' id='line_1_5' title="bbox 241 605 1811 661; baseline 0.007 -22"><span class='ocrx_word' id='word_1_25' title='bbox 241 605 435 652; x_wconf 83' lang='lat' dir='ltr'>collegium</span> <span class='ocrx_word' id='word_1_26' title='bbox 460 606 601 641; x_wconf 89' lang='lat' dir='ltr'>decimo</span> <span class='ocrx_word' id='word_1_27' title='bbox 629 610 757 643; x_wconf 59' lang='lat' dir='ltr'>octauo</span> <span class='ocrx_word' id='word_1_28' title='bbox 785 608 843 643; x_wconf 88' lang='lat' dir='ltr'>die</span> <span class='ocrx_word' id='word_1_29' title='bbox 871 608 1000 644; x_wconf 83' lang='lat' dir='ltr'>mensis</span> <span class='ocrx_word' id='word_1_30' title='bbox 1018 609 1189 645; x_wconf 66' lang='lat' dir='ltr'>&lt;Ianuarii</span> <span class='ocrx_word' id='word_1_31' title='bbox 1216 624 1312 646; x_wconf 83' lang='lat' dir='ltr'>anno</span> <span class='ocrx_word' id='word_1_32' title='bbox 1332 611 1481 647; x_wconf 87' lang='lat' dir='ltr'>Domini</span> <span class='ocrx_word' id='word_1_33' title='bbox 1506 613 1691 649; x_wconf 84' lang='lat' dir='ltr'>millesimo</span> <span class='ocrx_word' id='word_1_34' title='bbox 1710 617 1811 661; x_wconf 85' lang='lat' dir='ltr'>quin-</span> 
     </span>
     <span class='ocr_line' id='line_1_6' title="bbox 239 673 1810 727; baseline 0.006 -20"><span class='ocrx_word' id='word_1_35' title='bbox 239 673 437 720; x_wconf 85' lang='lat' dir='ltr'>gentesimo</span> <span class='ocrx_word' id='word_1_36' title='bbox 456 674 597 709; x_wconf 90' lang='lat' dir='ltr'>decimo</span> <span class='ocrx_word' id='word_1_37' title='bbox 617 681 747 721; x_wconf 84' lang='lat' dir='ltr'>quarto</span> <span class='ocrx_word' id='word_1_38' title='bbox 767 676 812 710; x_wconf 90' lang='lat' dir='ltr'>de</span> <span class='ocrx_word' id='word_1_39' title='bbox 840 676 1006 712; x_wconf 88' lang='lat' dir='ltr'>omnibus</span> <span class='ocrx_word' id='word_1_40' title='bbox 1033 678 1188 725; x_wconf 85' lang='lat' dir='ltr'>receptis</span> <span class='ocrx_word' id='word_1_41' title='bbox 1214 678 1284 713; x_wconf 85' lang='lat' dir='ltr'>suis</span> <span class='ocrx_word' id='word_1_42' title='bbox 1304 685 1340 714; x_wconf 88' lang='lat' dir='ltr'>et</span> <span class='ocrx_word' id='word_1_43' title='bbox 1359 680 1523 727; x_wconf 75' lang='lat' dir='ltr'>expensis</span> <span class='ocrx_word' id='word_1_44' title='bbox 1551 695 1571 717; x_wconf 83' lang='lat' dir='ltr'>a</span> <span class='ocrx_word' id='word_1_45' title='bbox 1599 683 1656 718; x_wconf 83' lang='lat' dir='ltr'>die</span> <span class='ocrx_word' id='word_1_46' title='bbox 1676 685 1810 720; x_wconf 78' lang='lat' dir='ltr'>duode-</span> 
     </span>
     <span class='ocr_line' id='line_1_7' title="bbox 240 740 1810 798; baseline 0.008 -24"><span class='ocrx_word' id='word_1_47' title='bbox 240 740 332 775; x_wconf 91' lang='lat' dir='ltr'>cimo</span> <span class='ocrx_word' id='word_1_48' title='bbox 352 741 481 776; x_wconf 86' lang='lat' dir='ltr'>mensis</span> <span class='ocrx_word' id='word_1_49' title='bbox 509 742 660 788; x_wconf 54' lang='lat' dir='ltr'>predicti</span> <span class='ocrx_word' id='word_1_50' title='bbox 688 742 775 777; x_wconf 86' lang='lat' dir='ltr'>anni</span> <span class='ocrx_word' id='word_1_51' title='bbox 795 743 946 778; x_wconf 86' lang='lat' dir='ltr'>Domini</span> <span class='ocrx_word' id='word_1_52' title='bbox 974 750 1044 779; x_wconf 86' lang='lat' dir='ltr'>etc.</span> <span class='ocrx_word' id='word_1_53' title='bbox 1069 745 1347 793; x_wconf 78' lang='lat' dir='ltr'>quingentesimi</span> <span class='ocrx_word' id='word_1_54' title='bbox 1371 748 1501 783; x_wconf 86' lang='lat' dir='ltr'>decimi</span> <span class='ocrx_word' id='word_1_55' title='bbox 1522 750 1626 785; x_wconf 85' lang='lat' dir='ltr'>tercii</span> <span class='ocrx_word' id='word_1_56' title='bbox 1648 752 1755 798; x_wconf 86' lang='lat' dir='ltr'>vsque</span> <span class='ocrx_word' id='word_1_57' title='bbox 1774 753 1810 788; x_wconf 92' lang='lat' dir='ltr'>in</span> 
     </span>
     <span class='ocr_line' id='line_1_8' title="bbox 239 807 1809 856; baseline 0.009 -14"><span class='ocrx_word' id='word_1_58' title='bbox 239 807 334 843; x_wconf 90' lang='lat' dir='ltr'>diem</span> <span class='ocrx_word' id='word_1_59' title='bbox 353 808 458 843; x_wconf 88' lang='lat' dir='ltr'>huius</span> <span class='ocrx_word' id='word_1_60' title='bbox 478 809 637 856; x_wconf 87' lang='lat' dir='ltr'>compoti</span> <span class='ocrx_word' id='word_1_61' title='bbox 657 815 693 844; x_wconf 86' lang='lat' dir='ltr'>et</span> <span class='ocrx_word' id='word_1_62' title='bbox 713 810 760 845; x_wconf 87' lang='lat' dir='ltr'>sic</span> <span class='ocrx_word' id='word_1_63' title='bbox 775 811 820 845; x_wconf 91' lang='lat' dir='ltr'>de</span> <span class='ocrx_word' id='word_1_64' title='bbox 835 811 975 846; x_wconf 88' lang='lat' dir='ltr'>duobus</span> <span class='ocrx_word' id='word_1_65' title='bbox 993 812 1157 847; x_wconf 86' lang='lat' dir='ltr'>terminis</span> <span class='ocrx_word' id='word_1_66' title='bbox 1178 813 1350 850; x_wconf 87' lang='lat' dir='ltr'>videlicet</span> <span class='ocrx_word' id='word_1_67' title='bbox 1364 815 1625 853; x_wconf 82' lang='lat' dir='ltr'>Pentbccostes</span> <span class='ocrx_word' id='word_1_68' title='bbox 1641 825 1676 855; x_wconf 81' lang='lat' dir='ltr'>et</span> <span class='ocrx_word' id='word_1_69' title='bbox 1691 819 1809 856; x_wconf 69' lang='lat' dir='ltr'>Sanffi</span> 
     </span>
     <span class='ocr_line' id='line_1_9' title="bbox 237 875 1690 924; baseline 0.008 -14"><span class='ocrx_word' id='word_1_70' title='bbox 237 875 393 911; x_wconf 86' lang='lat' dir='ltr'>Martini</span> <span class='ocrx_word' id='word_1_71' title='bbox 411 875 508 912; x_wconf 83' lang='lat' dir='ltr'>infra</span> <span class='ocrx_word' id='word_1_72' title='bbox 527 877 596 913; x_wconf 91' lang='lat' dir='ltr'>hoc</span> <span class='ocrx_word' id='word_1_73' title='bbox 614 884 822 924; x_wconf 85' lang='lat' dir='ltr'>compotum</span> <span class='ocrx_word' id='word_1_74' title='bbox 851 879 1034 914; x_wconf 82' lang='lat' dir='ltr'>redditum</span> <span class='ocrx_word' id='word_1_75' title='bbox 1063 892 1186 915; x_wconf 87' lang='lat' dir='ltr'>coram</span> <span class='ocrx_word' id='word_1_76' title='bbox 1215 882 1442 918; x_wconf 85' lang='lat' dir='ltr'>auditoribus</span> <span class='ocrx_word' id='word_1_77' title='bbox 1463 884 1631 922; x_wconf 87' lang='lat' dir='ltr'>videlicet</span> <span class='ocrx_word' id='word_1_78' title='bbox 1683 908 1690 915; x_wconf 90' lang='lat'><strong>·</strong></span> 
     </span>
     <span class='ocr_line' id='line_1_10' title="bbox 236 1013 1808 1061; baseline 0.008 -13"><span class='ocrx_word' id='word_1_79' title='bbox 236 1013 409 1049; x_wconf 86' lang='lat' dir='ltr'>Ballerno</span> <span class='ocrx_word' id='word_1_80' title='bbox 437 1014 482 1049; x_wconf 85' lang='lat' dir='ltr'>de</span> <span class='ocrx_word' id='word_1_81' title='bbox 510 1014 651 1050; x_wconf 83' lang='lat' dir='ltr'>duobus</span> <span class='ocrx_word' id='word_1_82' title='bbox 679 1015 844 1050; x_wconf 83' lang='lat' dir='ltr'>terminis</span> <span class='ocrx_word' id='word_1_83' title='bbox 873 1015 1043 1052; x_wconf 80' lang='lat' dir='ltr'>videlicet</span> <span class='ocrx_word' id='word_1_84' title='bbox 1068 1016 1329 1054; x_wconf 87' lang='lat' dir='ltr'>Penthecostes</span> <span class='ocrx_word' id='word_1_85' title='bbox 1353 1027 1388 1056; x_wconf 89' lang='lat' dir='ltr'>et</span> <span class='ocrx_word' id='word_1_86' title='bbox 1410 1021 1531 1057; x_wconf 59' lang='lat' dir='ltr'>saneti</span> <span class='ocrx_word' id='word_1_87' title='bbox 1552 1022 1706 1059; x_wconf 83' lang='lat' dir='ltr'>Martini</span> <span class='ocrx_word' id='word_1_88' title='bbox 1725 1026 1808 1061; x_wconf 81' lang='lat' dir='ltr'>anni</span> 
     </span>
     <span class='ocr_line' id='line_1_11' title="bbox 235 1080 701 1131; baseline 0.004 -14"><span class='ocrx_word' id='word_1_89' title='bbox 235 1087 305 1117; x_wconf 87' lang='lat' dir='ltr'>etc.</span> <span class='ocrx_word' id='word_1_90' title='bbox 324 1086 359 1117; x_wconf 66' lang='grc' dir='ltr'>νο</span> <span class='ocrx_word' id='word_1_91' title='bbox 378 1080 545 1131; x_wconf 88' lang='lat' dir='ltr'>[decimi]</span> <span class='ocrx_word' id='word_1_92' title='bbox 568 1083 701 1130; x_wconf 83' lang='lat' dir='ltr'>quarti.</span> 
     </span>
    </p>

    <p class='ocr_par' dir='ltr' id='par_1_4' title="bbox 234 1151 1810 2019">
     <span class='ocr_line' id='line_1_12' title="bbox 335 1151 994 1200; baseline 0 -12"><span class='ocrx_word' id='word_1_93' title='bbox 335 1151 486 1188; x_wconf 80' lang='lat' dir='ltr'>Summa</span> <span class='ocrx_word' id='word_1_94' title='bbox 504 1152 612 1187; x_wconf 90' lang='lat' dir='ltr'>huius</span> <span class='ocrx_word' id='word_1_95' title='bbox 631 1152 862 1188; x_wconf 83' lang='lat' dir='ltr'>oneracionis</span> <span class='ocrx_word' id='word_1_96' title='bbox 881 1158 994 1200; x_wconf 86' lang='lat' dir='ltr'>patet.</span> 
     </span>
     <span class='ocr_line' id='line_1_13' title="bbox 234 1219 1808 1278; baseline 0.008 -24"><span class='ocrx_word' id='word_1_97' title='bbox 234 1219 402 1267; x_wconf 84' lang='lat' dir='ltr'>Expense</span> <span class='ocrx_word' id='word_1_98' title='bbox 422 1220 581 1256; x_wconf 83' lang='lat' dir='ltr'>eiusdem</span> <span class='ocrx_word' id='word_1_99' title='bbox 602 1242 609 1249; x_wconf 92' lang='lat'><strong>·</strong></span> <span class='ocrx_word' id='word_1_100' title='bbox 629 1220 674 1255; x_wconf 89' lang='lat' dir='ltr'>In</span> <span class='ocrx_word' id='word_1_101' title='bbox 695 1221 823 1267; x_wconf 91' lang='lat' dir='ltr'>primis</span> <span class='ocrx_word' id='word_1_102' title='bbox 849 1221 1054 1256; x_wconf 85' lang='lat' dir='ltr'>allocantur</span> <span class='ocrx_word' id='word_1_103' title='bbox 1073 1224 1295 1270; x_wconf 82' lang='lat' dir='ltr'>compotanti</span> <span class='ocrx_word' id='word_1_104' title='bbox 1316 1225 1353 1260; x_wconf 90' lang='lat' dir='ltr'>in</span> <span class='ocrx_word' id='word_1_105' title='bbox 1376 1225 1503 1273; x_wconf 80' lang='lat' dir='ltr'>viginti</span> <span class='ocrx_word' id='word_1_106' title='bbox 1523 1228 1581 1263; x_wconf 89' lang='lat' dir='ltr'>sex</span> <span class='ocrx_word' id='word_1_107' title='bbox 1602 1228 1703 1265; x_wconf 86' lang='lat' dir='ltr'>libris</span> <span class='ocrx_word' id='word_1_108' title='bbox 1723 1243 1808 1278; x_wconf 84' lang='lat' dir='ltr'>qua—</span> 
     </span>
     <span class='ocr_line' id='line_1_14' title="bbox 235 1288 1808 1345; baseline 0.007 -22"><span class='ocrx_word' id='word_1_109' title='bbox 235 1288 439 1324; x_wconf 86' lang='lat' dir='ltr'>tuordecim</span> <span class='ocrx_word' id='word_1_110' title='bbox 459 1288 581 1323; x_wconf 88' lang='lat' dir='ltr'>solidis</span> <span class='ocrx_word' id='word_1_111' title='bbox 599 1301 667 1335; x_wconf 87' lang='lat' dir='ltr'>pro</span> <span class='ocrx_word' id='word_1_112' title='bbox 686 1289 965 1336; x_wconf 83' lang='lat' dir='ltr'>superexpositis</span> <span class='ocrx_word' id='word_1_113' title='bbox 986 1290 1054 1325; x_wconf 91' lang='lat' dir='ltr'>suis</span> <span class='ocrx_word' id='word_1_114' title='bbox 1075 1298 1112 1327; x_wconf 78' lang='lat' dir='ltr'>vt</span> <span class='ocrx_word' id='word_1_115' title='bbox 1139 1298 1240 1338; x_wconf 83' lang='lat' dir='ltr'>patet</span> <span class='ocrx_word' id='word_1_116' title='bbox 1267 1293 1303 1327; x_wconf 88' lang='lat' dir='ltr'>in</span> <span class='ocrx_word' id='word_1_117' title='bbox 1332 1294 1425 1340; x_wconf 88' lang='lat' dir='ltr'>pede</span> <span class='ocrx_word' id='word_1_118' title='bbox 1447 1295 1563 1330; x_wconf 79' lang='lat' dir='ltr'>vltimi</span> <span class='ocrx_word' id='word_1_119' title='bbox 1582 1299 1741 1345; x_wconf 89' lang='lat' dir='ltr'>compoti</span> <span class='ocrx_word' id='word_1_120' title='bbox 1761 1300 1808 1334; x_wconf 88' lang='lat' dir='ltr'>sui</span> 
     </span>
     <span class='ocr_line' id='line_1_15' title="bbox 234 1355 1810 1403; baseline 0.008 -14"><span class='ocrx_word' id='word_1_121' title='bbox 234 1355 319 1391; x_wconf 87' lang='lat' dir='ltr'>xxvi</span> <span class='ocrx_word' id='word_1_122' title='bbox 332 1356 370 1390; x_wconf 86' lang='lat' dir='ltr'>li.</span> <span class='ocrx_word' id='word_1_123' title='bbox 389 1355 509 1390; x_wconf 85' lang='lat' dir='ltr'>xiiiis.</span> <span class='ocrx_word' id='word_1_124' title='bbox 563 1356 611 1391; x_wconf 89' lang='lat' dir='ltr'>Et</span> <span class='ocrx_word' id='word_1_125' title='bbox 630 1357 747 1391; x_wconf 87' lang='lat' dir='ltr'>eidem</span> <span class='ocrx_word' id='word_1_126' title='bbox 775 1369 840 1403; x_wconf 86' lang='lat' dir='ltr'>per</span> <span class='ocrx_word' id='word_1_127' title='bbox 860 1356 1117 1393; x_wconf 84' lang='lat' dir='ltr'>liberacionem</span> <span class='ocrx_word' id='word_1_128' title='bbox 1147 1359 1276 1395; x_wconf 60' lang='lat' dir='ltr'>factam</span> <span class='ocrx_word' id='word_1_129' title='bbox 1298 1360 1455 1396; x_wconf 83' lang='lat' dir='ltr'>dominis</span> <span class='ocrx_word' id='word_1_130' title='bbox 1473 1362 1615 1399; x_wconf 78' lang='lat' dir='ltr'>Thome</span> <span class='ocrx_word' id='word_1_131' title='bbox 1636 1365 1810 1402; x_wconf 60' lang='lat' dir='ltr'>WVatsone</span> 
     </span>
     <span class='ocr_line' id='line_1_16' title="bbox 236 1423 1809 1480; baseline 0.008 -23"><span class='ocrx_word' id='word_1_132' title='bbox 236 1430 271 1458; x_wconf 89' lang='lat' dir='ltr'>et</span> <span class='ocrx_word' id='word_1_133' title='bbox 290 1423 478 1458; x_wconf 82' lang='lat' dir='ltr'>Willelmo</span> <span class='ocrx_word' id='word_1_134' title='bbox 508 1424 671 1471; x_wconf 85' lang='lat' dir='ltr'>Tempill</span> <span class='ocrx_word' id='word_1_135' title='bbox 702 1425 953 1471; x_wconf 84' lang='lat' dir='ltr'>receptoribus</span> <span class='ocrx_word' id='word_1_136' title='bbox 984 1425 1170 1461; x_wconf 85' lang='lat' dir='ltr'>firmarum</span> <span class='ocrx_word' id='word_1_137' title='bbox 1202 1435 1237 1462; x_wconf 89' lang='lat' dir='ltr'>et</span> <span class='ocrx_word' id='word_1_138' title='bbox 1268 1428 1451 1464; x_wconf 61' lang='lat' dir='ltr'>fruetuum</span> <span class='ocrx_word' id='word_1_139' title='bbox 1479 1430 1563 1465; x_wconf 75' lang='grc' dir='ltr'><strong>(11ἃί</strong></span> <span class='ocrx_word' id='word_1_140' title='bbox 1591 1432 1736 1480; x_wconf 80' lang='lat' dir='ltr'>collegii</span> <span class='ocrx_word' id='word_1_141' title='bbox 1765 1435 1809 1470; x_wconf 88' lang='lat' dir='ltr'>de</span> 
     </span>
     <span class='ocr_line' id='line_1_17' title="bbox 238 1492 1809 1543; baseline 0.006 -15"><span class='ocrx_word' id='word_1_142' title='bbox 238 1505 335 1528; x_wconf 85' lang='lat' dir='ltr'>anno</span> <span class='ocrx_word' id='word_1_143' title='bbox 360 1492 519 1539; x_wconf 87' lang='lat' dir='ltr'>compoti</span> <span class='ocrx_word' id='word_1_144' title='bbox 548 1492 650 1527; x_wconf 59' lang='lat' dir='ltr'>dietis</span> <span class='ocrx_word' id='word_1_145' title='bbox 678 1493 833 1528; x_wconf 88' lang='lat' dir='ltr'>dominis</span> <span class='ocrx_word' id='word_1_146' title='bbox 854 1493 999 1528; x_wconf 84' lang='lat' dir='ltr'>Thoma</span> <span class='ocrx_word' id='word_1_147' title='bbox 1026 1500 1062 1529; x_wconf 85' lang='lat' dir='ltr'>et</span> <span class='ocrx_word' id='word_1_148' title='bbox 1081 1494 1269 1530; x_wconf 82' lang='lat' dir='ltr'>Willelmo</span> <span class='ocrx_word' id='word_1_149' title='bbox 1296 1496 1523 1543; x_wconf 80' lang='lat' dir='ltr'>presentibus</span> <span class='ocrx_word' id='word_1_150' title='bbox 1551 1505 1586 1534; x_wconf 90' lang='lat' dir='ltr'>et</span> <span class='ocrx_word' id='word_1_151' title='bbox 1613 1500 1809 1538; x_wconf 83' lang='lat' dir='ltr'>fatentibus</span> 
     </span>
     <span class='ocr_line' id='line_1_18' title="bbox 239 1560 1808 1614; baseline 0.006 -19"><span class='ocrx_word' id='word_1_152' title='bbox 239 1560 493 1608; x_wconf 84' lang='lat' dir='ltr'>recepcionem</span> <span class='ocrx_word' id='word_1_153' title='bbox 513 1561 618 1608; x_wconf 88' lang='lat' dir='ltr'>super</span> <span class='ocrx_word' id='word_1_154' title='bbox 638 1567 846 1608; x_wconf 88' lang='lat' dir='ltr'>compotum</span> <span class='ocrx_word' id='word_1_155' title='bbox 866 1561 911 1596; x_wconf 86' lang='lat' dir='ltr'>de</span> <span class='ocrx_word' id='word_1_156' title='bbox 939 1574 1035 1596; x_wconf 83' lang='lat' dir='ltr'>anno</span> <span class='ocrx_word' id='word_1_157' title='bbox 1063 1564 1222 1609; x_wconf 88' lang='lat' dir='ltr'>compoti</span> <span class='ocrx_word' id='word_1_158' title='bbox 1251 1570 1286 1599; x_wconf 90' lang='lat' dir='ltr'>et</span> <span class='ocrx_word' id='word_1_159' title='bbox 1306 1577 1372 1611; x_wconf 88' lang='lat' dir='ltr'>pro</span> <span class='ocrx_word' id='word_1_160' title='bbox 1391 1566 1521 1612; x_wconf 88' lang='lat' dir='ltr'>quibus</span> <span class='ocrx_word' id='word_1_161' title='bbox 1538 1567 1808 1614; x_wconf 90' lang='lat' dir='ltr'>respondebunt</span> 
     </span>
     <span class='ocr_line' id='line_1_19' title="bbox 237 1628 1808 1681; baseline 0.006 -18"><span class='ocrx_word' id='word_1_162' title='bbox 237 1629 272 1663; x_wconf 86' lang='lat' dir='ltr'>ix</span> <span class='ocrx_word' id='word_1_163' title='bbox 285 1628 321 1664; x_wconf 89' lang='lat' dir='ltr'>li.</span> <span class='ocrx_word' id='word_1_164' title='bbox 374 1629 422 1664; x_wconf 89' lang='lat' dir='ltr'>Et</span> <span class='ocrx_word' id='word_1_165' title='bbox 442 1629 555 1664; x_wconf 89' lang='lat' dir='ltr'>solute</span> <span class='ocrx_word' id='word_1_166' title='bbox 575 1629 722 1664; x_wconf 88' lang='lat' dir='ltr'>domino</span> <span class='ocrx_word' id='word_1_167' title='bbox 743 1629 886 1664; x_wconf 81' lang='lat' dir='ltr'>Thome</span> <span class='ocrx_word' id='word_1_168' title='bbox 908 1629 1009 1665; x_wconf 86' lang='lat' dir='ltr'>Guld</span> <span class='ocrx_word' id='word_1_169' title='bbox 1035 1643 1102 1677; x_wconf 88' lang='lat' dir='ltr'>pro</span> <span class='ocrx_word' id='word_1_170' title='bbox 1130 1632 1394 1668; x_wconf 82' lang='lat' dir='ltr'>sustentacione</span> <span class='ocrx_word' id='word_1_171' title='bbox 1420 1647 1614 1681; x_wconf 87' lang='lat' dir='ltr'>puerorum</span> <span class='ocrx_word' id='word_1_172' title='bbox 1635 1637 1681 1671; x_wconf 86' lang='lat' dir='ltr'>ad</span> <span class='ocrx_word' id='word_1_173' title='bbox 1700 1638 1808 1674; x_wconf 84' lang='lat' dir='ltr'>serui-</span> 
     </span>
     <span class='ocr_line' id='line_1_20' title="bbox 237 1697 1806 1753; baseline 0.005 -20"><span class='ocrx_word' id='word_1_174' title='bbox 237 1697 372 1733; x_wconf 86' lang='lat' dir='ltr'>endum</span> <span class='ocrx_word' id='word_1_175' title='bbox 392 1697 430 1732; x_wconf 85' lang='lat' dir='ltr'>in</span> <span class='ocrx_word' id='word_1_176' title='bbox 450 1697 546 1732; x_wconf 58' lang='lat' dir='ltr'>dicto</span> <span class='ocrx_word' id='word_1_177' title='bbox 567 1697 722 1745; x_wconf 83' lang='lat' dir='ltr'>collegio</span> <span class='ocrx_word' id='word_1_178' title='bbox 743 1698 787 1733; x_wconf 89' lang='lat' dir='ltr'>de</span> <span class='ocrx_word' id='word_1_179' title='bbox 810 1711 907 1733; x_wconf 89' lang='lat' dir='ltr'>anno</span> <span class='ocrx_word' id='word_1_180' title='bbox 935 1699 1092 1746; x_wconf 82' lang='lat' dir='ltr'>compoti</span> <span class='ocrx_word' id='word_1_181' title='bbox 1121 1700 1173 1734; x_wconf 90' lang='lat' dir='ltr'>iiii</span> <span class='ocrx_word' id='word_1_182' title='bbox 1187 1700 1223 1735; x_wconf 87' lang='lat' dir='ltr'>li.</span> <span class='ocrx_word' id='word_1_183' title='bbox 1278 1701 1325 1736; x_wconf 90' lang='lat' dir='ltr'>Et</span> <span class='ocrx_word' id='word_1_184' title='bbox 1344 1701 1456 1737; x_wconf 89' lang='lat' dir='ltr'>solute</span> <span class='ocrx_word' id='word_1_185' title='bbox 1475 1702 1601 1738; x_wconf 85' lang='lat' dir='ltr'>Dauid</span> <span class='ocrx_word' id='word_1_186' title='bbox 1620 1704 1719 1740; x_wconf 88' lang='lat' dir='ltr'>Burn</span> <span class='ocrx_word' id='word_1_187' title='bbox 1740 1719 1806 1753; x_wconf 90' lang='lat' dir='ltr'>pro</span> 
     </span>
     <span class='ocr_line' id='line_1_21' title="bbox 237 1764 1807 1818; baseline 0.006 -17"><span class='ocrx_word' id='word_1_188' title='bbox 237 1766 299 1801; x_wconf 84' lang='lat' dir='ltr'>suo</span> <span class='ocrx_word' id='word_1_189' title='bbox 319 1764 471 1800; x_wconf 85' lang='lat' dir='ltr'>seruicio</span> <span class='ocrx_word' id='word_1_190' title='bbox 491 1765 527 1800; x_wconf 88' lang='lat' dir='ltr'>in</span> <span class='ocrx_word' id='word_1_191' title='bbox 549 1765 644 1800; x_wconf 63' lang='lat' dir='ltr'>dieto</span> <span class='ocrx_word' id='word_1_192' title='bbox 673 1766 828 1813; x_wconf 84' lang='lat' dir='ltr'>collegio</span> <span class='ocrx_word' id='word_1_193' title='bbox 855 1779 921 1813; x_wconf 88' lang='lat' dir='ltr'>per</span> <span class='ocrx_word' id='word_1_194' title='bbox 940 1774 1081 1814; x_wconf 88' lang='lat' dir='ltr'>tempus</span> <span class='ocrx_word' id='word_1_195' title='bbox 1101 1768 1257 1815; x_wconf 88' lang='lat' dir='ltr'>compoti</span> <span class='ocrx_word' id='word_1_196' title='bbox 1284 1768 1331 1803; x_wconf 90' lang='lat' dir='ltr'>iiii</span> <span class='ocrx_word' id='word_1_197' title='bbox 1344 1769 1380 1804; x_wconf 94' lang='lat' dir='ltr'>li.</span> <span class='ocrx_word' id='word_1_198' title='bbox 1434 1770 1481 1805; x_wconf 88' lang='lat' dir='ltr'>Et</span> <span class='ocrx_word' id='word_1_199' title='bbox 1501 1771 1616 1805; x_wconf 90' lang='lat' dir='ltr'>eidem</span> <span class='ocrx_word' id='word_1_200' title='bbox 1637 1784 1703 1818; x_wconf 90' lang='lat' dir='ltr'>per</span> <span class='ocrx_word' id='word_1_201' title='bbox 1721 1773 1807 1810; x_wconf 85' lang='lat' dir='ltr'>libe-</span> 
     </span>
     <span class='ocr_line' id='line_1_22' title="bbox 237 1833 1805 1889; baseline 0.006 -21"><span class='ocrx_word' id='word_1_202' title='bbox 237 1834 422 1869; x_wconf 85' lang='lat' dir='ltr'>raeionem</span> <span class='ocrx_word' id='word_1_203' title='bbox 444 1834 578 1869; x_wconf 59' lang='lat' dir='ltr'>saetam</span> <span class='ocrx_word' id='word_1_204' title='bbox 599 1833 773 1869; x_wconf 83' lang='lat' dir='ltr'>Michaeli</span> <span class='ocrx_word' id='word_1_205' title='bbox 793 1833 919 1870; x_wconf 80' lang='lat' dir='ltr'>Disart</span> <span class='ocrx_word' id='word_1_206' title='bbox 948 1841 984 1870; x_wconf 88' lang='lat' dir='ltr'>et</span> <span class='ocrx_word' id='word_1_207' title='bbox 1011 1835 1180 1882; x_wconf 82' lang='lat' dir='ltr'>Georgeo</span> <span class='ocrx_word' id='word_1_208' title='bbox 1208 1836 1288 1871; x_wconf 84' lang='lat' dir='ltr'>Bell</span> <span class='ocrx_word' id='word_1_209' title='bbox 1315 1849 1381 1884; x_wconf 83' lang='lat' dir='ltr'>pro</span> <span class='ocrx_word' id='word_1_210' title='bbox 1410 1850 1535 1873; x_wconf 85' lang='lat' dir='ltr'>eorum</span> <span class='ocrx_word' id='word_1_211' title='bbox 1563 1840 1713 1875; x_wconf 86' lang='lat' dir='ltr'>s&#39;eruisiis</span> <span class='ocrx_word' id='word_1_212' title='bbox 1740 1855 1805 1889; x_wconf 86' lang='lat' dir='ltr'>per</span> 
     </span>
     <span class='ocr_line' id='line_1_23' title="bbox 237 1902 1804 1950; baseline 0.004 -12"><span class='ocrx_word' id='word_1_213' title='bbox 237 1903 372 1938; x_wconf 56' lang='lat' dir='ltr'>dictum</span> <span class='ocrx_word' id='word_1_214' title='bbox 401 1908 542 1949; x_wconf 85' lang='lat' dir='ltr'>tempus</span> <span class='ocrx_word' id='word_1_215' title='bbox 569 1902 607 1937; x_wconf 90' lang='lat' dir='ltr'>iii</span> <span class='ocrx_word' id='word_1_216' title='bbox 622 1902 658 1937; x_wconf 91' lang='lat' dir='ltr'>li.</span> <span class='ocrx_word' id='word_1_217' title='bbox 714 1903 761 1938; x_wconf 91' lang='lat' dir='ltr'>Et</span> <span class='ocrx_word' id='word_1_218' title='bbox 781 1903 948 1938; x_wconf 79' lang='lat' dir='ltr'>feriando</span> <span class='ocrx_word' id='word_1_219' title='bbox 976 1916 1042 1950; x_wconf 90' lang='lat' dir='ltr'>pro</span> <span class='ocrx_word' id='word_1_220' title='bbox 1070 1903 1176 1938; x_wconf 87' lang='lat' dir='ltr'>feodo</span> <span class='ocrx_word' id='word_1_221' title='bbox 1198 1905 1259 1939; x_wconf 91' lang='lat' dir='ltr'>suo</span> <span class='ocrx_word' id='word_1_222' title='bbox 1279 1905 1323 1940; x_wconf 87' lang='lat' dir='ltr'>de</span> <span class='ocrx_word' id='word_1_223' title='bbox 1342 1906 1482 1941; x_wconf 83' lang='lat' dir='ltr'>(luobus</span> <span class='ocrx_word' id='word_1_224' title='bbox 1510 1907 1615 1942; x_wconf 84' lang='lat' dir='ltr'>annis</span> <span class='ocrx_word' id='word_1_225' title='bbox 1635 1908 1804 1946; x_wconf 82' lang='lat' dir='ltr'>videlicet</span> 
     </span>
     <span class='ocr_line' id='line_1_24' title="bbox 235 1970 1509 2019; baseline 0.002 -13"><span class='ocrx_word' id='word_1_226' title='bbox 235 1984 331 2006; x_wconf 85' lang='lat' dir='ltr'>anno</span> <span class='ocrx_word' id='word_1_227' title='bbox 352 1970 509 2018; x_wconf 87' lang='lat' dir='ltr'>compoti</span> <span class='ocrx_word' id='word_1_228' title='bbox 530 1976 565 2005; x_wconf 84' lang='lat' dir='ltr'>et</span> <span class='ocrx_word' id='word_1_229' title='bbox 584 1983 679 2005; x_wconf 82' lang='lat' dir='ltr'>anno</span> <span class='ocrx_word' id='word_1_230' title='bbox 698 1971 918 2018; x_wconf 85' lang='lat' dir='ltr'>precedente</span> <span class='ocrx_word' id='word_1_231' title='bbox 937 1971 1007 2006; x_wconf 90' lang='lat' dir='ltr'>hoc</span> <span class='ocrx_word' id='word_1_232' title='bbox 1027 1977 1234 2019; x_wconf 89' lang='lat' dir='ltr'>compotum</span> <span class='ocrx_word' id='word_1_233' title='bbox 1254 1974 1339 2008; x_wconf 86' lang='lat' dir='ltr'>xxvi</span> <span class='ocrx_word' id='word_1_234' title='bbox 1352 1986 1377 2008; x_wconf 87' lang='lat' dir='ltr'>s.</span> <span class='ocrx_word' id='word_1_235' title='bbox 1399 1974 1461 2008; x_wconf 87' lang='lat' dir='ltr'>viii</span> <span class='ocrx_word' id='word_1_236' title='bbox 1474 1975 1509 2010; x_wconf 84' lang='lat' dir='ltr'>d.</span> 
     </span>
    </p>

    <p class='ocr_par' dir='ltr' id='par_1_5' title="bbox 336 2038 1800 2089">
     <span class='ocr_line' id='line_1_25' title="bbox 336 2038 1800 2089; baseline 0.005 -16"><span class='ocrx_word' id='word_1_237' title='bbox 336 2038 482 2074; x_wconf 84' lang='lat' dir='ltr'>Summa</span> <span class='ocrx_word' id='word_1_238' title='bbox 496 2039 733 2084; x_wconf 81' lang='lat' dir='ltr'>expensarum</span> <span class='ocrx_word' id='word_1_239' title='bbox 750 2039 854 2074; x_wconf 83' lang='lat' dir='ltr'>xlviii</span> <span class='ocrx_word' id='word_1_240' title='bbox 866 2039 901 2074; x_wconf 90' lang='lat' dir='ltr'>li.</span> <span class='ocrx_word' id='word_1_241' title='bbox 920 2039 978 2074; x_wconf 89' lang='lat' dir='ltr'>viii</span> <span class='ocrx_word' id='word_1_242' title='bbox 992 2039 1024 2074; x_wconf 89' lang='lat' dir='ltr'>d.</span> <span class='ocrx_word' id='word_1_243' title='bbox 1041 2045 1076 2074; x_wconf 89' lang='lat' dir='ltr'>et</span> <span class='ocrx_word' id='word_1_244' title='bbox 1092 2039 1138 2074; x_wconf 87' lang='lat' dir='ltr'>sic</span> <span class='ocrx_word' id='word_1_245' title='bbox 1153 2040 1422 2088; x_wconf 83' lang='lat' dir='ltr'>s&#39;uperexpos&#39;uit</span> <span class='ocrx_word' id='word_1_246' title='bbox 1437 2048 1648 2089; x_wconf 76' lang='lat' dir='ltr'>computans</span> <span class='ocrx_word' id='word_1_247' title='bbox 1663 2044 1751 2079; x_wconf 84' lang='lat' dir='ltr'>xxiii</span> <span class='ocrx_word' id='word_1_248' title='bbox 1764 2045 1800 2080; x_wconf 92' lang='lat' dir='ltr'>li.</span> 
     </span>
    </p>

    <p class='ocr_par' dir='ltr' id='par_1_6' title="bbox 380 2106 1419 2155">
     <span class='ocr_line' id='line_1_26' title="bbox 380 2106 1419 2155; baseline 0.003 -15"><span class='ocrx_word' id='word_1_249' title='bbox 380 2106 465 2141; x_wconf 84' lang='lat' dir='ltr'>viis.</span> <span class='ocrx_word' id='word_1_250' title='bbox 485 2106 531 2140; x_wconf 89' lang='lat' dir='ltr'>iiii</span> <span class='ocrx_word' id='word_1_251' title='bbox 546 2107 580 2140; x_wconf 87' lang='lat' dir='ltr'>d.</span> <span class='ocrx_word' id='word_1_252' title='bbox 601 2106 812 2141; x_wconf 78' lang='lat' dir='ltr'>allocandas</span> <span class='ocrx_word' id='word_1_253' title='bbox 832 2106 895 2142; x_wconf 85' lang='lat' dir='ltr'>sibi</span> <span class='ocrx_word' id='word_1_254' title='bbox 914 2107 952 2142; x_wconf 91' lang='lat' dir='ltr'>in</span> <span class='ocrx_word' id='word_1_255' title='bbox 972 2113 1141 2154; x_wconf 85' lang='lat' dir='ltr'>compoto</span> <span class='ocrx_word' id='word_1_256' title='bbox 1161 2109 1221 2143; x_wconf 91' lang='lat' dir='ltr'>suo</span> <span class='ocrx_word' id='word_1_257' title='bbox 1238 2109 1419 2155; x_wconf 82' lang='lat' dir='ltr'>proximo.</span> 
     </span>
    </p>

    <p class='ocr_par' dir='ltr' id='par_1_7' title="bbox 229 2174 1751 2364">
     <span class='ocr_line' id='line_1_27' title="bbox 229 2174 1616 2225; baseline 0.003 -16"><span class='ocrx_word' id='word_1_258' title='bbox 229 2174 437 2210; x_wconf 76' lang='lat' dir='ltr'>JOHANNES</span> <span class='ocrx_word' id='word_1_259' title='bbox 457 2174 614 2209; x_wconf 77' lang='lat' dir='ltr'>LoGANE</span> <span class='ocrx_word' id='word_1_260' title='bbox 635 2187 745 2209; x_wconf 85' lang='lat' dir='ltr'>manu</span> <span class='ocrx_word' id='word_1_261' title='bbox 765 2175 913 2222; x_wconf 81' lang='lat' dir='ltr'>propria</span> <span class='ocrx_word' id='word_1_262' title='bbox 1019 2175 1185 2210; x_wconf 67' lang='lat' dir='ltr'>Tuoms</span> <span class='ocrx_word' id='word_1_263' title='bbox 1208 2176 1321 2212; x_wconf 74' lang='lat' dir='ltr'>Gom</span> <span class='ocrx_word' id='word_1_264' title='bbox 1341 2190 1450 2212; x_wconf 86' lang='lat' dir='ltr'>manu</span> <span class='ocrx_word' id='word_1_265' title='bbox 1467 2178 1616 2225; x_wconf 84' lang='lat' dir='ltr'>propria</span> 
     </span>
     <span class='ocr_line' id='line_1_28' title="bbox 230 2242 1703 2294; baseline 0.001 -15"><span class='ocrx_word' id='word_1_266' title='bbox 230 2243 474 2279; x_wconf 75' lang='lat' dir='ltr'>ALnxANDER</span> <span class='ocrx_word' id='word_1_267' title='bbox 497 2242 619 2278; x_wconf 72' lang='lat' dir='ltr'>Scorr</span> <span class='ocrx_word' id='word_1_268' title='bbox 1017 2243 1188 2279; x_wconf 62' lang='lat' dir='ltr'>Jaconus</span> <span class='ocrx_word' id='word_1_269' title='bbox 1211 2243 1404 2280; x_wconf 73' lang='lat' dir='ltr'>CHAUMAR</span> <span class='ocrx_word' id='word_1_270' title='bbox 1428 2258 1537 2281; x_wconf 84' lang='lat' dir='ltr'>manu</span> <span class='ocrx_word' id='word_1_271' title='bbox 1556 2247 1703 2294; x_wconf 80' lang='lat' dir='ltr'>propria</span> 
     </span>
     <span class='ocr_line' id='line_1_29' title="bbox 230 2310 1751 2364; baseline 0.003 -18"><span class='ocrx_word' id='word_1_272' title='bbox 230 2311 435 2347; x_wconf 53' lang='lat' dir='ltr'>Hmwmcus</span> <span class='ocrx_word' id='word_1_273' title='bbox 458 2310 746 2346; x_wconf 73' lang='lat' dir='ltr'>HADmNGToUN</span> <span class='ocrx_word' id='word_1_274' title='bbox 768 2323 877 2346; x_wconf 85' lang='lat' dir='ltr'>manu</span> <span class='ocrx_word' id='word_1_275' title='bbox 896 2324 977 2358; x_wconf 90' lang='lat' dir='ltr'>pro·</span> <span class='ocrx_word' id='word_1_276' title='bbox 1018 2311 1254 2348; x_wconf 73' lang='lat' dir='ltr'>W1LLELMUS</span> <span class='ocrx_word' id='word_1_277' title='bbox 1277 2313 1456 2350; x_wconf 64' lang='grc' dir='ltr'>ΤΕΜΡιιᾸ,</span> <span class='ocrx_word' id='word_1_278' title='bbox 1476 2327 1585 2350; x_wconf 85' lang='lat' dir='ltr'>manu</span> <span class='ocrx_word' id='word_1_279' title='bbox 1604 2316 1751 2364; x_wconf 84' lang='lat' dir='ltr'>propria</span> 
     </span>
    </p>

    <p class='ocr_par' dir='ltr' id='par_1_8' title="bbox 231 2379 1761 2494">
     <span class='ocr_line' id='line_1_30' title="bbox 327 2379 1761 2431; baseline 0.003 -17"><span class='ocrx_word' id='word_1_280' title='bbox 327 2379 410 2426; x_wconf 79' lang='lat' dir='ltr'>pria</span> <span class='ocrx_word' id='word_1_281' title='bbox 1018 2379 1260 2416; x_wconf 77' lang='lat' dir='ltr'><strong>ALEXANDER</strong></span> <span class='ocrx_word' id='word_1_282' title='bbox 1280 2380 1452 2418; x_wconf 69' lang='lat' dir='ltr'>Pmun</span> <span class='ocrx_word' id='word_1_283' title='bbox 1472 2395 1582 2418; x_wconf 85' lang='lat' dir='ltr'>manu</span> <span class='ocrx_word' id='word_1_284' title='bbox 1600 2384 1761 2431; x_wconf 83' lang='lat' dir='ltr'>propria.</span> 
     </span>
     <span class='ocr_line' id='line_1_31' title="bbox 231 2446 904 2494; baseline -0.001 -12"><span class='ocrx_word' id='word_1_285' title='bbox 231 2446 395 2482; x_wconf 69' lang='lat' dir='ltr'>Tuoms</span> <span class='ocrx_word' id='word_1_286' title='bbox 416 2446 607 2483; x_wconf 66' lang='lat' dir='ltr'>WmsouN</span> <span class='ocrx_word' id='word_1_287' title='bbox 628 2459 738 2482; x_wconf 83' lang='lat' dir='ltr'>manu</span> <span class='ocrx_word' id='word_1_288' title='bbox 757 2446 904 2494; x_wconf 80' lang='lat' dir='ltr'>propria</span> 
     </span>
    </p>
   </div>
  </div>
 </body>
</html>
