2147 2964
131 1673 169 1703 ll

831 276 902 312 DE
930 274 1199 313 DALKETH.
1727 282 1797 319 317

228 373 387 410 (Ιθῖθᾶυε
417 374 620 422 prepositus
651 375 904 411 cori-ecciones
934 375 1067 411 habeat
1098 376 1230 423 eosque
1261 376 1428 412 multabit
1456 383 1564 424 prout
1595 378 1726 425 supra·
1746 378 1794 414 Et

226 442 373 490 insuper
409 442 574 478 volumus
609 455 652 478 ac
688 443 803 479 eciam
839 444 1049 480 ordinamus
1082 445 1181 492 quod
1215 445 1345 492 prefati
1381 445 1580 494 prepositus
1615 447 1793 495 capellani

227 510 352 546 clerici
372 516 408 547 et
423 510 577 546 ministri
601 511 763 558 qualibet
789 512 946 548 secunda
972 513 1065 548 feria
1084 513 1141 548 vel
1163 513 1235 549 alia
1253 511 1363 563 [post]
1386 513 1574 549 cuiussibet
1593 515 1792 551 ebdomade

225 578 416 614 seruicium
436 578 508 614 flue
528 578 673 627 vigilias
699 585 924 615 mortuorum
952 580 989 615 in
1015 580 1127 616 choro
1146 581 1241 617 diste
1261 582 1397 630 capelle
1416 588 1452 617 et
1470 582 1548 629 post
1568 582 1791 619 offertorium

226 645 416 682 cuiussibet
435 646 533 682 mifl'e
551 646 590 681 in
608 646 685 694 ipsa
711 646 838 682 diebus
864 647 1050 683 ferialibus
1078 648 1241 684 submissa
1263 662 1350 685 voce
1378 650 1596 686 celebrande
1616 651 1791 698 psalmum

227 713 288 748 De
300 715 497 762 profundis
523 726 605 749 cum
632 714 805 751 oracione
829 715 988 750 fidelium
1017 716 1122 751 Deus
1145 721 1209 751 etc.
1238 728 1305 763 pro
1332 717 1454 753 nostra
1471 725 1507 753 et
1525 719 1792 765 prenominata·

226 794 304 817 rum
329 782 565 829 personarum
591 783 782 818 animabus
809 782 944 818 missam
972 783 1198 819 celebrantes
1218 785 1279 831 qui
1302 785 1414 820 eciam
1432 786 1604 833 populum
1625 787 1670 822 ad
1689 800 1793 822 oran-

225 850 311 885 dum
331 855 544 887 exortentur
563 851 696 887 deuote
716 851 839 886 dicere
858 857 1053 887 teneantur
1070 871 1078 878 ·
1097 851 1142 886 In
1161 864 1315 898 quorum
1339 853 1500 888 omnium
1519 859 1554 889 et
1573 853 1792 902 singulorum

225 917 471 953 testimonium
500 924 713 967 perpetuam
745 919 955 954 firmitatem
987 925 1096 966 atque
1126 920 1235 955 fidem
1264 920 1349 956 huic
1378 921 1510 968 scripto
1538 934 1604 957 nos
1632 922 1792 959 Jacobus

225 987 271 1022 de
302 985 469 1033 Douglas
500 987 669 1022 dominus
706 987 751 1022 de
778 986 960 1023 Dalketht
986 986 1249 1035 suprascriptus
1281 987 1436 1035 figillum
1469 989 1630 1026 nostrum
1657 994 1791 1038 apponi

227 1054 379 1090 fecimus
397 1060 434 1091 et
452 1055 499 1090 ad
515 1067 642 1090 eorum
661 1055 1004 1091 corroboracionem
1024 1061 1059 1091 et
1079 1056 1396 1093 confirmacionem
1421 1058 1659 1094 efficaciorem
1679 1058 1793 1107 sigilla

227 1123 361 1170 prefati
379 1123 575 1159 reuerendi
593 1123 708 1170 patris
733 1123 772 1158 in
793 1122 938 1160 Christo
964 1124 1102 1159 domini
1123 1124 1277 1160 Henrici
1307 1124 1565 1162 Sanstiandree
1584 1127 1740 1174 episcopi
1759 1134 1794 1163 et

229 1191 380 1238 capituli
398 1191 450 1226 sui
472 1190 734 1227 Sanetiandree
753 1191 867 1226 cidem
886 1191 1043 1239 presenti
1062 1192 1195 1239 scripto
1221 1204 1289 1239 pro
1314 1199 1493 1240 perpetuo
1512 1195 1688 1230 duraturo
1715 1196 1794 1231 sunt

229 1260 386 1307 appensa
412 1259 450 1294 in
477 1260 585 1294 domo
604 1259 798 1307 capitulari
827 1258 1090 1296 Sanctiandree
1111 1259 1319 1308 [vigesima]
1336 1261 1453 1308 prima
1470 1261 1528 1297 die
1547 1262 1676 1298 mensis
1691 1263 1716 1299 J
1720 1264 1793 1299 unii

230 1339 326 1363 anno
341 1326 495 1362 Domini
513 1326 701 1363 millesimo
720 1326 1077 1375 quadringentesimo
1096 1315 1206 1361 sexto'.

232 1531 526 1568 Renunciatioun
545 1532 589 1566 be
610 1531 752 1566 Walter
774 1530 876 1566 Scott
895 1531 934 1565 os
952 1530 1177 1565 Bukcleuch.

234 1649 430 1705 OMNlssth
450 1668 519 1703 hoc
539 1667 708 1715 scriptum
730 1666 856 1701 visuris
877 1666 934 1701 vel
952 1666 1132 1701 audituris
1152 1665 1338 1701 walterus
1367 1665 1455 1703 Scot
1478 1668 1523 1703 de
1542 1668 1731 1705 Bukcluch
1759 1678 1793 1706 et

230 1736 382 1771 baronic
401 1737 446 1771 de
466 1735 654 1771 Kirkvrde
682 1734 784 1770 miles
811 1734 959 1770 salutem
987 1734 1024 1768 in
1044 1733 1204 1769 Domino
1231 1734 1483 1781 sempiternam
1504 1755 1511 1763 ·
1532 1736 1719 1773 Noueritis
1737 1751 1794 1773 me

231 1816 312 1839 cum
332 1803 505 1839 consensu
525 1809 561 1839 et
575 1802 711 1838 affensu
726 1802 851 1838 Dauid
868 1801 955 1838 Scot
969 1801 1033 1836 filii
1047 1802 1117 1836 mei
1131 1801 1367 1849 primogeniti
1380 1809 1416 1838 et
1430 1804 1638 1851 apparentis
1653 1805 1796 1841 heredis

232 1870 364 1906 dedisse
383 1869 586 1906 conceffifl'e
606 1876 641 1905 et
659 1871 729 1905 hoc
746 1870 905 1917 presenti
932 1868 1066 1916 scripto
1091 1882 1173 1904 meo
1201 1869 1426 1905 confirmasse
1451 1883 1517 1918 pro
1544 1871 1656 1907 salute
1675 1873 1794 1909 anime

231 1952 310 1974 mee
324 1946 360 1974 et
374 1939 576 1974 animarum
595 1938 710 1985 patris
729 1938 800 1973 mei
819 1944 855 1973 et
872 1937 998 1973 matris
1017 1949 1095 1972 mee
1113 1937 1345 1984 pluriumque
1363 1938 1565 1973 animarum
1586 1946 1621 1974 et
1637 1943 1796 1976 anteces-

233 2008 351 2042 sorum
363 2012 398 2042 et
410 2005 647 2041 successorum
661 2018 825 2040 meorum
841 2011 876 2041 ct
891 2005 1052 2040 omnium
1065 2005 1228 2040 fidelium
1240 2005 1490 2040 defunaorum
1505 2005 1587 2041 Deo
1600 2014 1635 2042 et
1647 2008 1794 2044 ecclefie

233 2075 425 2122 collegiate
440 2074 545 2109 Beati
561 2073 747 2108 Nicholaii
766 2073 811 2108 de
826 2072 988 2108 Dalketh
1010 2086 1052 2108 ac
1072 2072 1219 2108 domino
1238 2072 1263 2107 J
1266 2072 1401 2108 ohanni
1421 2074 1466 2108 de
1482 2073 1662 2122 Balkaffiy
1679 2077 1795 2123 capel—

233 2144 317 2179 lano
330 2149 366 2178 et
378 2143 447 2178 suis
460 2141 717 2178 suecessoribus
732 2141 930 2188 capellanis
944 2141 980 2176 in
993 2141 1090 2176 dieta
1101 2140 1252 2175 ecelesia
1266 2140 1458 2188 collegiata
1473 2141 1740 2179 celebrantibus
1753 2157 1795 2180 ac

234 2212 501 2258 imperpetuum
521 2209 758 2245 celebraturis
777 2215 813 2244 et
830 2209 869 2244 in
885 2209 1107 2255 prebendam
1126 2209 1171 2242 de
1190 2207 1408 2243 Louchvrde
1429 2209 1602 2245 canonice
1626 2210 1796 2247 institutis

234 2280 293 2314 seu
320 2277 550 2314 instituendis
577 2290 682 2313 omne
704 2277 760 2312 ius
779 2288 898 2312 meum
918 2282 954 2311 et
973 2276 1151 2312 clameum
1169 2287 1288 2311 meum
1311 2276 1572 2323 proprietatem
1592 2285 1627 2313 et
1645 2278 1796 2325 poffeffi-

235 2360 341 2383 onem
361 2360 431 2394 que
450 2352 486 2382 et
504 2358 593 2393 quas
607 2345 718 2381 habui
737 2344 854 2380 habeo
870 2344 929 2380 seu
944 2343 1179 2391 quouismodo
1193 2343 1327 2379 habere
1341 2350 1469 2391 potero
1485 2345 1521 2379 in
1535 2345 1695 2381 futurum
1711 2347 1749 2382 in
1761 2355 1796 2383 et

234 2416 280 2451 ad
299 2414 589 2462 superieritatem
616 2412 776 2448 omnium
800 2417 979 2448 terrarum
1001 2412 1047 2447 de
1066 2411 1285 2447 Louchvrde
1313 2421 1394 2447 eum
1422 2413 1528 2448 terris
1548 2413 1592 2448 ‹le
1614 2414 1797 2450 Kirkvrde
