2147 2964
121 1535 167 1565 55

494 285 704 322 SANCTE
733 286 1052 324 TRINITATIS
1079 287 1150 323 DE
1177 287 1513 326 EDINBURGII.
1744 295 1810 332 117

244 383 340 430 patri
360 382 533 419 Willelini
564 384 699 420 Fouler
728 385 777 419 sui
807 385 926 420 obitus
955 391 1118 433 tempore
1146 392 1182 422 et
1210 387 1385 423 continuo
1415 388 1562 423 inantea
1586 388 1649 424 fibi
1673 390 1810 438 suisque

244 451 539 497 progenitoribus
559 452 653 488 vltra
671 452 859 500 sexaginta
885 465 1062 488 annorum
1090 454 1243 501 spatium
1270 455 1492 492 hereditarie
1511 457 1745 503 pertinebant
1764 461 1809 495 ad

243 530 314 564 que
328 519 491 566 prefatus
506 519 730 555 Willelmus.
749 548 755 553 .
775 548 780 554 .
800 520 1022 555 hereditarie
1041 521 1235 557 succedere
1252 523 1360 558 debet
1377 543 1384 551 ·
1403 529 1438 558 et
1457 524 1543 570 quia
1560 552 1566 558 .
1585 553 1591 559 .
1610 553 1616 558 .
1637 532 1736 562 carte
1752 556 1758 562 .
1778 556 1783 561 .
1803 557 1808 561 .

242 591 280 620 et
295 586 477 621 euidentie
494 585 556 620 fibi
575 614 581 619 .
600 613 606 620 .
626 586 849 632 .speffl;antes
868 587 904 622 in
924 588 1032 622 domo
1050 616 1056 621 .
1075 617 1081 623 .
1100 616 1106 622 .
1122 588 1208 623 (Ιίἃί
1227 590 1411 635 quondam
1425 590 1582 626 Joannis
1600 591 1697 628 intra
1709 595 1809 642 oppi-

242 653 327 687 dum
347 653 392 687 de
411 651 630 700 Edinburgh
648 659 811 700 tempore
831 654 988 689 eiusdem
1009 655 1132 702 oppidi
1152 668 1216 703 per
1236 662 1400 692 veterum
1420 657 1626 694 nostrorum
1651 660 1807 697 hostium

242 719 443 755 exercitum
479 720 776 767 conflagrationis
804 721 839 756 vi
868 721 1022 756 maiori.
1040 750 1047 756 .
1067 751 1072 756 .
1092 722 1272 759 destruSte
1304 726 1505 763 extiterunt
1540 729 1578 763 in
1610 730 1807 765 earundem

240 787 382 823 defectu
401 787 518 822 difitus
538 787 744 823 Willelmus
763 817 768 822 .
788 817 794 823 .
813 817 819 823 .
839 789 885 824 ad
904 789 999 824 dieta
1027 790 1087 824 sua
1115 796 1323 827 teneinenta
1341 821 1346 826 .
1366 821 1371 827 .
1390 822 1396 827 .
1416 793 1553 830 intrare
1572 808 1644 830 non
1664 798 1780 843 potest
1801 827 1806 833 .

236 855 413 892 noueritis
445 855 555 903 igitur
585 869 652 891 nos
670 885 675 891 .
696 885 701 891 .
721 886 726 891 .
747 856 784 891 iii
817 857 1144 893 considerationem
1167 887 1172 893 .
1192 887 1197 893 .
1217 884 1227 893 τ
1242 861 1341 907 quod
1373 860 1487 897 dietus
1519 863 1726 900 VVillelmus
1745 895 1749 900 .
1770 895 1774 899 .
1798 895 1804 901 .

238 936 379 959 annuos
406 924 570 960 redditus
589 924 634 959 de
657 925 920 972 prenominatis
938 954 943 959 .
963 954 968 959 .
987 953 993 959 .
1013 927 1233 963 tenementis
1251 957 1256 962 .
1276 956 1281 962 .
1301 956 1307 962 .
1328 929 1422 965 diste
1450 931 1599 967 ecclesie
1618 961 1623 966 .
1642 961 1648 967 .
1668 962 1672 967 .
1693 933 1806 983 hospi-

236 992 379 1028 tulariis
411 992 554 1028 debitos
576 1021 582 1026 .
601 1022 607 1027 .
629 1021 635 1027 .
658 993 831 1040 persoluit
858 1020 866 1029 .
893 1023 898 1028 .
926 1022 932 1028 .
960 994 1160 1030 concedisse
1179 1024 1185 1029 .
1204 1025 1209 1031 .
1231 1025 1237 1030 .
1258 997 1353 1032 diuo
1372 1026 1378 1033 .
1395 1027 1401 1033 .
1420 1027 1425 1033 .
1445 998 1640 1036 heredibus
1670 1002 1739 1037 suis
1771 1012 1806 1040 et

235 1059 420 1107 affignatis
438 1089 444 1095 .
463 1090 470 1095 .
489 1089 494 1095 .
514 1061 678 1108 prediaa
713 1062 786 1097 (luo
803 1089 810 1095 .
828 1090 834 1096 .
853 1089 859 1095 .
880 1067 1090 1098 tenementa
1107 1091 1112 1097 .
1132 1092 1137 1098 .
1157 1093 1163 1098 .
1185 1064 1388 1101 Reddendo
1424 1067 1507 1103 inde
1543 1071 1730 1106 annuatim
1747 1101 1752 1106 .
1772 1101 1778 1107 .
1799 1102 1805 1107 .

234 1129 407 1164 suminam
444 1129 691 1177 quadraginta
725 1129 923 1165 solidorum
947 1158 953 1164 .
973 1159 978 1164 .
998 1159 1004 1165 .
1030 1144 1173 1168 necnon
1193 1161 1198 1167 .
1268 1134 1396 1170 sestam
1433 1136 1472 1171 in
1508 1137 1669 1184 qualibet
1704 1142 1805 1177 curia

235 1197 383 1244 capitali
411 1197 615 1233 nostrarum
643 1204 899 1233 terrarum...
920 1198 1031 1246 Apud
1058 1200 1262 1237 huiusmodi
1291 1204 1487 1251 capitulum
1516 1209 1559 1241 21
1591 1207 1649 1243 die
1677 1210 1804 1246 niensis

233 1265 260 1299 J
263 1265 328 1300 ulii
349 1268 452 1301 15534

238 1414 353 1464 Carta
372 1412 527 1449 Niniani
547 1413 697 1448 Walker
716 1412 754 1447 in
775 1413 1056 1450 Innerlethame.

239 1520 435 1576 OMNiBUs
464 1564 470 1571 .
498 1564 503 1570 .
531 1565 536 1570 .
565 1536 733 1571 dominus
762 1535 923 1571 Thomas
952 1536 1098 1573 Cairnis
1127 1538 1337 1585 capellanus
1364 1541 1488 1577 altaris
1515 1543 1614 1580 Dine
1637 1545 1803 1594 Virginis

236 1606 356 1642 Marie
375 1606 494 1641 situati
521 1605 618 1640 infra
645 1604 830 1640 ecclesiam
859 1605 1126 1652 parrochialem
1147 1606 1191 1641 de
1219 1605 1341 1643 Soltra
1368 1609 1517 1645 salutem
1536 1639 1542 1645 .
1561 1640 1566 1646 .
1586 1641 1591 1646 .
1613 1612 1803 1651 Noueritis

236 1687 292 1710 me
325 1686 405 1709 eum
426 1702 432 1707 .
451 1702 457 1708 .
476 1702 481 1707 .
502 1673 638 1709 assensu
656 1701 661 1706 .
681 1701 686 1707 .
707 1701 712 1707 .
732 1672 871 1708 domini
905 1673 1059 1720 Georgii
1093 1673 1340 1722 Clappertoun
1372 1678 1543 1725 prepositi
1575 1681 1724 1718 ecclefie
1742 1711 1747 1716 ,
1769 1711 1775 1718 ,
1795 1713 1800 1718 ,

239 1742 371 1779 sanae
387 1741 603 1777 Trinitatis.
619 1769 624 1774 .
641 1769 646 1775 .
663 1746 698 1775 et
715 1740 1042 1788 prebendarioruni
1061 1770 1066 1775 .
1085 1769 1091 1774 .
1111 1770 1116 1775 .
1136 1741 1358 1779 hereditarie
1377 1745 1572 1782 dimiffifl‘e.
1592 1776 1598 1781 .
1617 1776 1622 1782 .
1639 1748 1802 1786 Niniano

237 1810 393 1846 Walkar
419 1809 456 1844 in
485 1808 747 1845 Innerlethane
775 1814 811 1843 et
840 1808 998 1844 Mariote
1021 1808 1122 1844 Fui-d
1148 1811 1207 1845 sue
1235 1811 1431 1859 sponse...
1452 1814 1645 1853 heredibus
1671 1818 1741 1854 suis
1768 1827 1802 1855 et

237 1877 420 1925 affignatis
439 1905 445 1911 .
464 1905 470 1910 .
489 1905 494 1910 .
516 1876 614 1911 illam
646 1888 762 1911 meam
795 1888 918 1911 acram
950 1882 1047 1911 terre
1069 1905 1074 1910 .
1094 1905 1099 1910 .
1118 1906 1123 1911 .
1150 1879 1350 1925 capellanie
1382 1882 1601 1928 speffitantem
1620 1913 1626 1919 .
1646 1915 1651 1921 .
1671 1916 1675 1921 .
1696 1900 1802 1934 quam

237 1946 312 1993 ipse
343 1945 527 1989 Ninianus
556 1956 655 1979 nunc
685 1949 864 1990 occupat.
883 1971 909 1977 ..
934 1944 1114 1980 iacentem
1147 1946 1181 1980 in
1211 1947 1298 1982 villa
1327 1953 1362 1984 et
1390 1951 1574 1987 territorio
1604 1956 1647 1989 de
1677 1955 1803 1991 Inner-

238 2013 386 2049 lethane
418 2012 513 2047 inter
546 2018 680 2047 terram
717 2017 962 2058 nuncupatam
997 2011 1077 2048 Our
1107 2012 1212 2061 Lady
1244 2014 1349 2051 Land
1384 2018 1602 2064 spess'canteni
1621 2050 1626 2055 .
1645 2051 1651 2056 .
1669 2050 1675 2056 .
1696 2023 1803 2060 almi-i

240 2081 338 2117 Diue
351 2080 519 2128 Virginis
535 2079 653 2115 Marie
673 2079 768 2114 infra
782 2079 969 2114 ecelefiam
988 2081 1254 2127 perrocliialem
1273 2084 1317 2119 de
1333 2084 1455 2121 Peblis
1474 2099 1517 2121 ex
1531 2095 1635 2135 parte
1655 2093 1803 2128 australi

240 2154 276 2185 et
303 2154 419 2184 terras
445 2147 670 2195 pertinentes
692 2147 717 2182 J
721 2147 854 2182 ohanni
884 2146 1038 2183 Stewart
1065 2148 1110 2183 dc
1131 2148 1314 2196 Traquair
1340 2164 1383 2186 ex
1411 2153 1549 2190 boreali
1574 2157 1744 2194 orientali
1768 2168 1803 2197 et

240 2215 461 2251 occidentali
479 2243 484 2249 .
504 2243 509 2248 .
529 2243 535 2248 .
555 2220 591 2250 et
609 2214 704 2249 infra
723 2214 1015 2250 vicecomitatum
1037 2216 1082 2250 de
1101 2215 1224 2252 Peblis
1239 2237 1247 2244 ·
1266 2219 1482 2266 quequidem
1510 2235 1596 2259 acra
1613 2253 1619 2258 .
1638 2253 1643 2259 .
1663 2254 1668 2259 .
1689 2226 1802 2263 locari

241 2283 480 2319 consueuerat
497 2282 682 2318 annuatim
701 2294 767 2330 pro
787 2282 946 2329 quinque
965 2282 1085 2318 solidis
1112 2288 1251 2319 tantum
1270 2314 1275 2320 .
1295 2314 1300 2319 .
1319 2313 1325 2319 .
1346 2286 1547 2325 Reddendo
1563 2291 1648 2328 inde
1667 2306 1802 2331 annua-

242 2352 306 2387 tim
325 2380 330 2386 .
350 2379 355 2386 .
374 2380 381 2386 .
399 2351 571 2386 summam
599 2350 659 2386 sex
684 2349 880 2385 solidorum
907 2356 942 2385 et
970 2350 1122 2386 duorum
1146 2352 1379 2390 denariorum
1398 2383 1402 2389 .
1422 2384 1427 2390 .
1446 2384 1452 2390 .
1474 2356 1595 2394 Scotie
1613 2389 1619 2395 .
1639 2390 1644 2395 .
1663 2391 1668 2396 .
1691 2362 1803 2411 Apud

247 2451 251 2455 .
270 2447 278 2456 .
296 2448 302 2453 .
324 2418 530 2467 Collegium
558 2421 580 2453 5
604 2417 629 2454 J
632 2417 693 2452 ulii
724 2420 817 2452 1554
836 2445 842 2452 .
861 2446 867 2452 .
886 2445 892 2451 .
913 2417 1062 2454 testibus
1093 2419 1247 2457 Andrea
1277 2421 1416 2459 Purves
1444 2425 1630 2476 clauigero
1656 2430 1682 2466 J
1685 2444 1802 2469 oanne
