2147 2964
213 1474 278 1506 123

218 2302 285 2333 1⁵24

346 284 356 315 1
371 285 412 315 -15
639 275 951 313 REGISTRUM
979 274 1234 312 ECCLESIE
1264 274 1608 312 COLLEGIATE

343 378 518 415 Gulielmi
547 377 683 412 Foular
716 375 902 423 burgensis
934 381 970 411 et
1002 375 1164 410 Barbare
1195 374 1358 409 Gibsoun
1392 375 1469 410 eius
1497 374 1621 422 sponse
1648 372 1913 419 heredibusque

340 448 436 482 inter
451 446 593 481 eosdem
608 445 846 493 procreandis
864 444 994 491 quibus
1009 442 1262 478 deficientibus
1276 443 1473 478 heredibus
1489 448 1524 478 et
1539 441 1722 489 assignatis
1738 440 1914 477 Gulieltni

341 515 616 563 quibuscunque
644 519 780 550 terram
808 519 844 549 et
872 519 1122 549 tenementum
1149 512 1331 547 iacentem
1359 511 1396 546 in
1418 511 1504 546 villa
1531 511 1576 546 de
1603 509 1710 546 Leith
1739 522 1785 545 ex
1811 515 1915 556 parte

341 584 488 620 australi
509 596 603 631 aque
622 583 780 618 eiusdem
799 583 837 617 in
857 581 1011 617 baronia
1030 581 1074 616 de
1094 580 1279 628 Restalrig
1304 586 1340 616 et
1360 580 1617 616 vicecomitatu
1636 579 1681 614 de
1701 577 1914 614 Edinburch

340 654 438 688 inter
457 659 592 688 terram
611 651 697 686 olim
719 651 964 699 pertinentem
993 650 1179 697 quondam
1198 648 1352 684 Andree
1373 648 1643 696 Cunynghame
1662 660 1761 683 nune
1778 646 1916 683 Joanni

341 721 504 757 Dalsoun
533 734 576 755 ex
603 719 753 755 australi
784 725 920 755 terram
953 718 1139 765 quondam
1166 717 1323 753 Joannis
1356 717 1573 752 Leirmonth
1602 729 1699 752 nunc
1727 715 1914 751 Willelmo

342 789 532 825 Forrester
558 789 804 836 pertinentem
833 801 876 823 ex
902 787 1040 823 boreali
1068 794 1204 823 terram
1235 785 1378 821 Thome
1398 786 1595 821 Achesoun
1623 798 1668 821 ex
1696 784 1914 820 occidentali

342 865 377 894 et
404 865 540 894 terram
569 857 655 893 olim
673 857 697 892 J
702 856 805 892 acobi
825 856 1045 904 Bannatyne
1074 867 1172 890 nunc
1194 853 1358 901 Georgio
1378 854 1600 902 Bannatyne
1627 853 1705 889 eius
1732 853 1806 888 filio
1835 865 1914 900 per-

342 928 517 963 tinentem
546 939 589 961 ex
617 925 786 961 orientali
814 924 908 960 dieto
938 923 1125 960 Gulielmo
1156 922 1323 970 perprius
1355 922 1579 958 hereditarie
1606 922 1851 970 pertinentem
1881 929 1917 956 et

342 1009 408 1043 per
427 1008 508 1031 euin
532 995 663 1029 virtute
693 994 898 1028 contractus
927 990 1206 1027 matrimonialis
1233 994 1329 1026 inter
1357 991 1469 1038 ipsum
1500 991 1544 1026 ab
1566 1004 1636 1026 vna
1658 997 1694 1026 et
1715 989 1918 1037 Georgium

345 1064 509 1100 Gibsoun
528 1063 681 1098 scribam
700 1061 907 1108 dictamque
928 1060 1128 1095 Barbaram
1149 1059 1193 1094 ab
1213 1059 1329 1095 altera
1347 1059 1392 1094 de
1413 1060 1498 1094 data
1518 1062 1565 1094 20
1583 1058 1806 1107 Septembris
1824 1061 1918 1092 1582

344 1133 562 1180 resignatam
581 1152 587 1159 ·
605 1130 809 1166 Reddendo
837 1128 1027 1164 annuatim
1055 1130 1103 1162 520
1117 1140 1144 1162 s.
1173 1140 1256 1162 cum
1279 1128 1440 1163 seruiciis
1469 1127 1653 1163 curiarum
1673 1149 1679 1155 -
1701 1127 1815 1174 Apud
1835 1126 1918 1163 Col-

344 1202 479 1249 legium
515 1203 558 1235 18
591 1199 724 1235 Marcii
757 1201 851 1233 1582
889 1210 1012 1233 coram
1043 1196 1190 1232 Joanne
1222 1195 1386 1231 Rowane
1415 1195 1595 1243 burgense
1627 1196 1671 1231 de
1704 1195 1918 1230 Edinburch

344 1269 504 1306 Patricio
541 1269 666 1316 Logye
710 1267 844 1302 famulo
889 1265 1059 1313 prepositi
1100 1271 1135 1300 et
1177 1263 1349 1310 magistro
1388 1263 1560 1311 Georgeo
1597 1263 1801 1299 Makesoun
1837 1276 1918 1299 cum

341 1339 432 1374 aliis.

347 1457 575 1514 llffrieism-:n
610 1475 792 1510 Robertus
824 1473 937 1508 Ponit
970 1474 1172 1521 prepositus
1207 1488 1289 1511 cum
1327 1476 1500 1510 conlensu
1533 1476 1683 1523 capituli
1715 1489 1781 1524 pro
1813 1477 1922 1512 certis

346 1545 585 1592 pecuniarum
613 1543 759 1578 summis
786 1555 852 1589 per
879 1542 1063 1577 dominam
1090 1542 1288 1579 Mariotam
1311 1543 1541 1580 Chrichtoun
1570 1544 1730 1580 relistam
1759 1544 1921 1592 magistri

348 1613 501 1660 Georgii
536 1611 740 1647 Crichtoun
773 1611 818 1646 de
853 1610 997 1658 Clunye
1034 1611 1182 1647 nomine
1214 1611 1374 1648 Cristine
1409 1611 1614 1648 Crichtoun
1646 1614 1706 1648 sue
1735 1613 1809 1649 filie
1840 1626 1921 1660 per-

346 1681 468 1716 solutis
488 1688 523 1716 et
543 1680 623 1715 aliis
644 1679 757 1715 causis
779 1679 949 1714 concedit
976 1679 1139 1725 predicte
1162 1680 1322 1717 Cristine
1350 1687 1385 1716 et
1405 1681 1601 1716 heredibus
1621 1682 1666 1717 de
1686 1695 1840 1729 corpore
1859 1683 1921 1717 suo

346 1750 508 1797 legitime
527 1748 765 1796 procreandis
785 1747 915 1794 quibus
941 1747 1194 1784 deficientibus
1221 1749 1383 1796 prediCte
1403 1748 1563 1785 Mariote
1583 1749 1778 1785 heredibus
1796 1750 1867 1785 suis
1886 1757 1922 1786 et

347 1817 530 1865 affignatis
550 1816 825 1864 quibuscunque
845 1816 934 1850 duas
963 1821 1079 1851 terras
1107 1816 1326 1852 husbandias
1353 1817 1515 1853 iacentes
1542 1817 1578 1852 in
1601 1817 1687 1854 villa
1703 1818 1748 1853 de
1768 1818 1920 1854 Saltoun

348 1886 519 1922 Inferiori
549 1886 634 1934 [etc.
664 1892 703 1921 ut
726 1886 834 1932 supra
853 1884 925 1920 No.
945 1884 1009 1932 97]
1031 1906 1038 1912 -
1059 1884 1155 1920 ᾱίιὲὶε
1186 1884 1345 1921 Cristine
1375 1884 1598 1920 hereditarie
1630 1886 1856 1933 pertinentes
1885 1896 1921 1922 et

349 1968 413 2003 per
443 1968 521 1990 eam
553 1953 753 2001 resignatas
773 1974 780 1981 ·
800 1952 1005 1988 Reddendo
1041 1954 1099 1989 7s.
1131 1954 1246 2000 Apud
1277 1952 1538 2001 Schyrismilne
1568 1957 1611 1989 31
1644 1954 1800 2002 Augusti
1826 1958 1922 1990 1583

350 2038 471 2060 coram
500 2023 673 2070 magistro
704 2022 868 2069 Georgio
909 2021 1113 2057 Makesouu
1147 2021 1264 2057 scriba
1292 2021 1487 2057 Timotheo
1516 2022 1612 2058 Pont
1646 2022 1721 2058 filio
1749 2023 1920 2070 prepositi

350 2093 510 2129 Patricio
543 2092 647 2139 Logy
681 2091 784 2126 seruo
820 2089 992 2137 prepositi
1024 2089 1192 2126 VValtero
1216 2089 1343 2137 Logen
1373 2090 1486 2126 fratre
1513 2090 1670 2126 Joannis
1698 2091 1848 2138 Logane
1875 2092 1920 2125 de

352 2162 547 2198 Cowstoun
567 2167 602 2196 et
623 2160 768 2196 Thema
790 2159 924 2206 Young
943 2158 1071 2194 scriba.

353 2279 551 2335 Mmsmr„
573 2298 712 2333 Robert
730 2297 826 2333 Pont
845 2297 991 2344 provest
1011 2297 1072 2332 the
1094 2296 1241 2332 nlaister
1260 2296 1434 2342 hospitale
1453 2295 1690 2343 prebendaris
1710 2296 1919 2342 chaiplanes

352 2367 423 2402 and
451 2366 618 2401 beidmen
647 2365 744 2400 settis
771 2373 808 2401 to
835 2364 961 2400 James
991 2364 1135 2401 Colwill
1163 2364 1339 2400 lauchfull
1371 2364 1454 2399 sone
1484 2365 1555 2400 and
1587 2365 1775 2410 apperand
1802 2364 1857 2399 air
1884 2365 1924 2399 of

351 2434 476 2469 Jmnos
497 2433 640 2469 Colwill
660 2433 698 2467 of
723 2432 843 2467 Eister
865 2432 1010 2468 VVemes
1038 2433 1109 2468 and
1138 2432 1192 2466 his
1221 2431 1305 2467 airis
1333 2443 1374 2466 or
1394 2430 1560 2479 affignais
1587 2431 1648 2466 the
1668 2431 1918 2471 teindsehaves
