2147 2964
185 1081 249 1117 14?

320 293 386 328 164
629 290 945 327 REGISTRUM
974 290 1228 327 ECCLESIE
1258 290 1601 328 COLLEGIATE

317 391 434 426 cidem
454 403 520 438 pro
542 391 657 426 tribus
677 391 764 426 seris
783 390 933 439 prefatis
960 391 1074 437 portis
1102 397 1138 426 et
1163 396 1267 438 porte
1287 391 1420 426 latrine
1449 390 1653 426 communis
1673 390 1748 425 xis.
1803 390 1893 426 Item

316 472 381 506 pro
402 459 505 495 claue
527 459 694 495 vestibuli
716 459 910 507 superioris
931 473 991 495 VS.
1045 459 1139 495 Item
1167 473 1233 508 pro
1259 460 1524 495 emendacione
1549 459 1717 507 lampidis
1742 465 1777 495 et
1799 472 1894 507 emp-

317 529 420 565 cione
442 529 547 564 vnius
567 529 717 565 cordule
738 529 789 564 iiii
803 542 830 564 s.
885 529 932 564 Et
952 529 1070 564 eidem
1089 542 1155 577 pro
1174 529 1315 564 faaura
1332 529 1525 564 ianuarum
1544 529 1749 577 lignearum
1770 541 1791 563 x
1804 541 1831 563 s.

417 596 567 633 Summa
585 599 825 646 expensarum
840 597 993 633 lxxxviii
1008 597 1045 634 li.
1064 597 1144 634 iiis.
1164 598 1203 633 iii
1218 598 1251 633 d.
1271 604 1308 634 et
1328 598 1375 633 fic
1390 597 1662 646 superexposuit
1681 603 1895 644 compotans

466 667 577 702 xxxiii
591 667 629 702 li.
651 667 728 702 iiis.
748 667 785 702 iii
802 667 836 702 d.

342 735 527 771 anAEL
547 748 595 771 DE
617 736 721 771 LAcu
743 748 851 771 manu
872 734 1021 782 propria
1156 734 1287 770 Dium
1309 734 1456 771 OsrmN
1478 748 1588 771 manu
1608 735 1757 783 propria

344 804 547 840 HENRmUS
564 804 853 840 HADDINGTOUN
869 816 979 838 manu
991 803 1142 851 propria
1156 803 1364 839 PATmcms
1386 803 1472 839 ΗΕΒ
1491 817 1600 839 manu
1621 803 1771 851 propria

340 873 512 909 JACOBUS
535 872 730 909 CHAUMAR
750 886 859 908 manu
878 871 1029 920 propria
1158 872 1397 908 VVILLELMUS
1413 872 1593 908 TEMPILL
1608 885 1718 908 manu
1732 872 1894 919 propria.

316 1061 553 1115 COMPoTUM
574 1076 726 1112 Andree
749 1076 992 1113 Sandelandis
1019 1077 1207 1112 constituti
1232 1083 1267 1112 et
1287 1076 1450 1124 deputati
1476 1077 1522 1112 ad
1544 1077 1747 1113 huiusmodi
1767 1078 1812 1112 de
1831 1090 1896 1124 per

317 1160 397 1182 cum
419 1145 576 1193 receptis
597 1146 641 1180 de
669 1145 846 1180 fruffibus
875 1146 920 1180 de
941 1145 1109 1180 Kirkurd
1136 1157 1203 1192 pro
1232 1145 1348 1180 tribus
1377 1145 1543 1180 terminis
1572 1146 1743 1182 videlicet
1762 1147 1807 1181 de
1827 1152 1897 1181 ter-

318 1216 416 1251 mino
438 1214 560 1251 Sanffi
582 1214 735 1249 Martini
764 1213 939 1249 existente
967 1214 1004 1248 in
1025 1227 1121 1249 anno
1141 1213 1294 1248 Domini
1321 1213 1353 1248 i¹¹¹
1373 1217 1406 1247 v⁰
1425 1214 1567 1248 decimo
1587 1227 1732 1250 necnon
1762 1215 1806 1250 de
1826 1221 1896 1250 ter-

317 1285 423 1320 minis
450 1283 710 1319 Penthecostes
739 1289 774 1318 et
808 1281 931 1319 saneti
963 1281 1116 1317 Martini
1151 1281 1388 1317 existentibus
1419 1282 1456 1316 in
1491 1295 1587 1317 anno
1618 1282 1771 1319 Domini
1803 1284 1837 1318 i¹¹¹
1866 1289 1898 1318 ve

319 1353 510 1389 vndeeimo
542 1353 675 1388 faRum
709 1351 806 1399 apud
839 1351 974 1386 di&um
1012 1350 1206 1397 collegium
1242 1350 1444 1398 penultimo
1478 1351 1537 1386 die
1571 1351 1742 1387 Januarii
1774 1365 1895 1388 coram

318 1422 490 1470 magistro
509 1421 683 1457 Johanne
703 1420 828 1468 Brady
847 1407 1029 1467 preposito
1049 1419 1136 1454 diffl
1161 1418 1307 1467 collegii
1327 1424 1362 1454 et
1381 1419 1647 1467 prebendariis.

469 1490 616 1526 Summa
637 1489 867 1524 oneracionis
886 1488 976 1524 lxxii
991 1489 1028 1523 li.

319 1560 485 1607 Expense
513 1558 672 1594 eiusdem
687 1579 693 1585 ·
709 1558 753 1593 In
781 1558 908 1605 primis
929 1557 1078 1593 domino
1097 1555 1285 1592 Willelmo
1305 1556 1490 1593 Wischert
1509 1569 1576 1604 pro
1596 1557 1752 1592 tex-mino
1774 1557 1895 1594 Samffi

318 1628 471 1664 Martini
492 1633 528 1662 et
546 1626 824 1662 Purificacionis
851 1626 966 1662 Beate
995 1625 1115 1661 Marie
1142 1625 1179 1660 iii
1193 1624 1230 1660 li.
1253 1625 1328 1660 vis.
1350 1625 1413 1660 viii
1426 1626 1460 1660 d.
1516 1625 1563 1661 Et
1583 1626 1731 1661 domino
1752 1626 1895 1662 Thonie

320 1698 496 1733 Watsoun
517 1697 562 1732 de
582 1697 710 1731 eodem
736 1695 894 1731 termino
915 1695 1040 1731 Sancti
1060 1693 1214 1730 Martini
1242 1693 1360 1728 xxxiii
1374 1707 1400 1729 s.
1421 1694 1522 1729 iiiid.
1569 1694 1618 1729 Et
1636 1707 1703 1741 pro
1724 1695 1782 1730 sex
1803 1696 1895 1731 vlnis

319 1767 414 1802 dele
433 1767 592 1801 dammes
619 1764 722 1800 rubei
750 1764 883 1800 coloris
911 1776 978 1812 pro
1007 1775 1122 1811 cappa
1148 1761 1311 1809 precium
1334 1762 1417 1798 vlne
1445 1762 1557 1797 xxviii
1571 1775 1596 1797 s.
1626 1763 1761 1798 summa
1780 1763 1842 1798 viii
1856 1763 1893 1798 li.

320 1835 418 1870 viiis.
466 1833 560 1869 Item
588 1833 705 1881 prole
734 1832 869 1880 orpltus
896 1832 1014 1867 eidem
1043 1844 1156 1879 cappe
1180 1830 1262 1865 vili.
1316 1830 1365 1866 Et
1383 1830 1568 1865 Willelmo
1588 1830 1799 1878 Dalglische
1827 1844 1894 1879 pro

320 1905 426 1940 feodo
456 1904 517 1939 suo
537 1903 583 1938 ls.
639 1902 687 1937 Et
716 1915 781 1949 pro
814 1901 845 1936 le
876 1902 988 1935 armis
1015 1899 1118 1934 factis
1147 1912 1212 1946 pro
1245 1899 1408 1946 exequiis
1439 1898 1658 1935 fundatricis
1689 1899 1753 1934 xxi
1766 1912 1794 1934 s.
1847 1900 1895 1935 Et

319 1972 482 2008 vIohanni
509 1971 677 2006 Wilsoun
707 1971 753 2005 ad
780 1970 973 2005 emendum
1001 1967 1251 2016 suppellieium
1286 1980 1333 2002 xv
1347 1980 1374 2002 s.
1428 1966 1522 2002 Item
1550 1980 1619 2014 pro
1649 1968 1895 2015 superexcres-

320 2041 447 2076 cencia
466 2040 511 2075 de
530 2040 562 2075 le
581 2039 716 2087 orplzus
735 2037 859 2073 vltime
888 2043 923 2073 et
946 2037 1109 2072 similiter
1129 2036 1173 2071 de
1193 2036 1353 2071 dammes
1369 2048 1484 2083 cappe
1504 2049 1524 2070 v
1538 2036 1573 2071 li.
1594 2036 1631 2071 xi
1644 2049 1670 2072 s.
1717 2036 1811 2072 Item
1828 2050 1894 2086 pro

321 2111 454 2157 septem
477 2108 569 2143 vlnis
589 2108 633 2143 dc
661 2107 833 2143 bula-ame
860 2106 1024 2154 precium
1054 2105 1137 2140 vine
1165 2103 1280 2139 xxviii
1295 2104 1328 2138 d.
1356 2104 1495 2139 summa
1520 2104 1620 2139 xvis.
1647 2104 1700 2139 iiii
1714 2105 1746 2139 d.
1801 2105 1893 2140 Item

320 2191 384 2226 pro
405 2178 531 2213 decem
559 2176 671 2212 stellis
696 2175 817 2211 aureis
844 2187 911 2222 pro
939 2175 970 2209 le
984 2174 1166 2221 frontalis
1184 2175 1227 2209 de
1247 2173 1404 2209 clzamlot
1426 2186 1488 2208 xs.
1541 2173 1633 2208 Item
1652 2185 1718 2220 pro
1737 2179 1894 2219 quatuor

324 2246 416 2280 vlnis
436 2258 516 2280 cum
537 2244 697 2279 dimedia
716 2244 761 2279 de
786 2244 817 2278 le
831 2242 1018 2290 frenylzes
1036 2242 1199 2289 precium
1220 2242 1305 2277 vlne
1331 2241 1428 2277 xiid.
1446 2241 1582 2276 summa
1600 2240 1648 2276 iiii
1661 2254 1688 2275 s.
1710 2241 1792 2276 vid.
1846 2241 1893 2277 Et

322 2326 388 2354 pro
420 2313 643 2348 alteracione
675 2311 774 2347 mitri
807 2318 842 2347 et
874 2310 994 2346 baculi
1028 2311 1073 2345 de
1103 2323 1200 2345 noua
1228 2323 1343 2358 cappa
1369 2310 1433 2344 iis.
1487 2309 1581 2344 Item
1608 2321 1675 2356 pro
1702 2309 1787 2344 vlna
1812 2322 1893 2345 cum

323 2381 481 2416 dimedia
501 2382 545 2416 de
570 2394 701 2416 cauves
728 2381 775 2416 ad
802 2379 1065 2427 duplicandum
1092 2379 1124 2414 le
1138 2379 1318 2426 frontalis
1344 2378 1410 2413 iis.
1438 2377 1477 2412 iii
1491 2378 1524 2412 d.
1571 2376 1619 2412 Et
1645 2389 1712 2424 pro
1732 2378 1781 2414 vii
1801 2378 1894 2414 vlnis

324 2450 368 2484 (le
387 2449 518 2484 rubens
536 2449 581 2484 ob
601 2447 941 2484 circumferenciam
962 2460 1073 2495 cappe
1100 2447 1264 2499 precium
1286 2447 1370 2482 vlne
1390 2446 1453 2481 viii
1465 2446 1496 2480 d.
1517 2445 1655 2481 summa
1672 2446 1725 2481 iiii
1738 2459 1764 2482 s.
1785 2447 1892 2482 viiid.
