2147 2964
580 296 622 331 B.
652 296 824 333 MARIE
851 295 1096 333 VIRGINIS
1123 296 1194 332 DE
1224 295 1432 333 CAMPIS.
1719 294 1791 331 263

218 394 402 441 integrum
422 394 524 430 illum
544 394 646 430 suum
673 408 834 431 annuum
861 396 1045 431 redditum
1064 396 1258 432 duodecim
1283 395 1477 431 solidorum
1497 400 1533 430 et
1552 395 1630 429 0820
1649 394 1790 429 denari-

219 475 322 497 orum
344 462 472 498 vsualis
491 469 637 498 monete
656 463 761 511 regni
783 462 911 500 Scocic
931 476 1038 510 quem
1065 464 1176 500 habet
1202 464 1298 499 idem
1318 463 1487 499 dominus
1507 461 1693 498 Henricus
1712 461 1791 496 iure

219 531 442 567 hereditario
462 533 679 568 cxcuncium
698 533 886 568 annuatim
906 539 942 568 ct
959 533 1199 568 leuandorum
1225 533 1271 568 ad
1299 533 1389 567 duos
1409 531 1496 567 anni
1515 530 1689 566 terminos
1708 542 1791 566 con-

219 601 337 636 suetos
365 599 625 636 Penthecostcs
653 600 827 637 videlicet
854 607 890 636 et
919 600 1042 636 Sancti
1071 599 1225 636 Martini
1252 600 1291 635 in
1318 600 1437 635 hieme
1459 611 1525 646 per
1545 598 1691 645 equales
1710 610 1791 645 por-

219 668 344 704 ciones
363 669 408 703 de
427 673 503 704 toto
523 674 559 704 et
585 669 730 716 integro
751 668 848 704 disto
867 673 1078 704 tenemento
1102 673 1200 703 terre
1220 673 1306 703 ante
1333 673 1369 702 et
1388 672 1487 703 retro
1507 679 1590 702 cum
1608 666 1792 713 pcrtinen-

219 737 284 773 ciis
300 737 436 772 sursum
453 737 615 772 reddidit
632 750 674 772 ac
692 749 757 784 per
772 736 914 772 denarii
933 735 1174 771 tradicionem
1190 747 1355 783 pureque
1370 735 1582 782 simpliciter
1596 732 1793 781 resignauit

218 804 255 839 in
275 804 443 840 manibus
461 804 593 851 prefati
612 804 765 839 Ricardi
784 803 1007 852 Fass'yntoun
1034 803 1160 839 balliui
1188 816 1231 839 ac
1249 808 1366 839 totum
1386 802 1440 838 ius
1461 807 1497 837 et
1516 802 1692 837 clameum
1712 814 1794 848 pro-

217 873 411 921 prietatem
432 878 467 909 et
485 872 733 921 possessionem
752 886 823 921 que
851 879 887 909 et
912 885 1001 920 quas
1028 872 1102 919 ipse
1121 871 1290 907 dominus
1311 871 1498 906 Henricus
1517 870 1737 906 Lowresoun
1757 870 1794 905 in

217 942 277 977 seu
294 942 340 977 ad
360 942 494 977 dictum
513 954 675 977 annuum
701 942 887 978 redditum
915 954 997 977 cum
1024 940 1263 988 pertinenciis
1289 939 1419 975 habuit
1442 939 1553 975 habet
1574 945 1635 975 aut
1655 940 1795 986 quouis-

217 1011 325 1046 modo
344 1023 411 1058 pro
430 1011 464 1045 se
484 1015 521 1046 et
538 1010 734 1046 heredibus
758 1011 830 1046 suis
857 1010 993 1047 habere
1020 1008 1158 1057 poterit
1185 1009 1334 1044 omnino
1362 1008 1640 1055 quiteclamauit
1666 1010 1797 1056 imper-

217 1085 367 1127 petuum
380 1099 387 1106 ·
399 1078 447 1114 Et
464 1079 737 1115 incontinenter
751 1079 848 1115 idem
863 1079 1045 1115 Ricardus
1061 1076 1284 1126 Faffyntoun
1301 1077 1457 1113 balliuus
1473 1077 1607 1112 virtute
1624 1077 1676 1112 sui
1688 1078 1795 1113 officii

218 1148 368 1184 sasinam
388 1148 519 1183 statum
539 1153 574 1184 et
593 1146 841 1195 poffeffionem
859 1146 1122 1183 hereditariam
1140 1146 1257 1182 tocius
1275 1146 1432 1193 prediffi
1449 1145 1617 1181 annualis
1632 1146 1797 1181 redditus

218 1217 421 1252 duodecem
448 1216 645 1251 solidorum
674 1222 711 1252 et
737 1218 816 1252 οξὶο
844 1216 1080 1252 denariorum
1113 1228 1194 1250 cum
1222 1214 1462 1262 pertinenciis
1491 1213 1692 1249 venerabili
1718 1214 1796 1249 viro

219 1284 393 1332 magistro
414 1284 565 1320 Matheo
585 1284 663 1320 Ker
682 1284 865 1332 preposito
894 1284 1044 1320 ecclesie
1072 1283 1265 1331 collegiate
1285 1282 1399 1318 Beate
1425 1282 1545 1318 Marie
1574 1282 1725 1330 virginis
1752 1283 1796 1318 de

222 1352 372 1400 Campis
390 1364 506 1399 prope
524 1352 679 1399 burgum
699 1352 744 1387 de
764 1351 984 1399 Edinburgh
1011 1351 1159 1387 nomine
1186 1350 1359 1399 prepositi
1379 1351 1473 1386 (1ίᾶ0
1493 1350 1642 1386 ecclesie
1663 1357 1698 1387 et
1716 1364 1796 1399 pre·

219 1421 480 1457 bcndariorum
509 1420 665 1456 eiusdem
685 1421 748 1468 qui
776 1433 843 1468 pro
871 1426 1035 1468 tempore
1055 1420 1193 1455 fuerint
1217 1432 1281 1467 per
1300 1419 1541 1454 tradicionem
1566 1424 1601 1454 et
1620 1419 1797 1455 delibera-

221 1491 360 1526 cionem
380 1489 583 1524 huiusmodi
603 1489 746 1525 denarii
762 1495 800 1525 vt
818 1489 929 1524 moris
949 1489 1001 1524 est
1019 1493 1054 1524 et
1073 1488 1109 1523 in
1125 1488 1257 1524 talibus
1276 1487 1356 1522 fieri
1373 1487 1584 1522 consuetum
1599 1487 1796 1522 secundum

220 1565 385 1595 tenorem
421 1563 521 1593 carte
558 1557 771 1593 donacionis
807 1557 892 1593 diffi
930 1556 1098 1592 annualis
1134 1555 1300 1591 redditus
1335 1568 1401 1603 per
1436 1554 1572 1590 dictum
1609 1554 1796 1590 dominum

220 1626 426 1663 Henricum
462 1626 682 1661 Lowresoun
718 1626 890 1674 predictis
934 1624 1117 1673 preposito
1153 1630 1190 1660 et
1224 1623 1478 1672 prebendariis
1514 1624 1610 1659 diere
1647 1622 1796 1659 ecclesie

221 1695 414 1743 collegiate
447 1694 600 1743 desuper
632 1695 859 1730 conficiendo
891 1694 992 1730 dedit
1023 1693 1176 1729 tradidit
1209 1693 1349 1740 pariter
1381 1697 1417 1728 et
1447 1691 1665 1727 deliberauit
1697 1691 1795 1727 saluo

219 1764 298 1799 iure
331 1762 521 1799 cuiussibet
543 1783 550 1790 ·
578 1762 696 1810 Super
727 1761 904 1810 premissis
935 1762 1051 1797 diffcus
1082 1760 1253 1809 magister
1285 1760 1457 1796 Matheus
1488 1760 1567 1796 Ker
1597 1759 1796 1808 prepositus

221 1832 316 1866 dicte
345 1830 494 1866 ecclesie
525 1830 717 1878 collegiate
745 1829 892 1865 nomine
925 1834 961 1864 et
991 1842 1035 1864 ex
1063 1835 1166 1878 parte
1197 1828 1370 1877 prepositi
1401 1835 1437 1864 et
1468 1828 1793 1876 prebendariorum

221 1900 381 1935 eiusdem
402 1899 514 1946 peciit
532 1898 814 1934 instrumentum
836 1919 843 1925 ·
860 1897 953 1933 Acca
971 1903 1077 1933 erant
1103 1898 1171 1933 hec
1195 1897 1302 1945 super
1320 1897 1472 1932 fundum
1491 1897 1575 1932 (1ίῦὶὶ
1596 1898 1796 1933 tenementi

221 1976 319 2004 terre
338 1968 431 2003 hora
456 1980 602 2003 nouena
629 1973 714 2003 ante
742 1966 937 2002 merediem
958 1966 1016 2002 vel
1043 1966 1189 2002 eocirca
1215 1979 1257 2001 ac
1282 1966 1345 2001 sub
1365 1979 1461 2001 anno
1488 1966 1608 2001 mense
1628 1972 1697 2001 etc.
1717 1978 1796 2014 pre-

221 2037 380 2072 sentibus
415 2036 549 2071 ibidem
584 2035 748 2084 prouidis
785 2035 873 2071 viris
905 2034 1078 2070 videlicet
1112 2035 1260 2069 domino
1290 2034 1435 2070 Thoma
1461 2034 1567 2069 Ewin
1604 2034 1796 2082 capellano

222 2105 359 2140 Allano
394 2104 570 2140 Buchane
605 2104 790 2140 Willelmo
825 2103 1052 2139 williamson
1087 2102 1326 2151 burgensibus
1357 2102 1465 2150 burgi
1501 2103 1546 2137 dc
1577 2101 1795 2151 Edinburgh

221 2173 409 2209 Willelmo
430 2173 515 2208 Seot
541 2172 714 2208 Johanne
736 2172 816 2207 Hill
842 2172 1056 2208 Alexandro
1084 2170 1259 2207 Maknele
1288 2170 1423 2206 clerico
1450 2169 1622 2218 magistro
1651 2170 1795 2207 Thoma

221 2241 347 2278 Frank
368 2241 556 2289 capellano
576 2247 611 2277 et
630 2240 818 2278 Willelmo
838 2240 978 2277 Barcar
998 2240 1165 2276 feriando
1185 2239 1272 2274 dieti
1291 2239 1398 2287 burgi
1418 2238 1566 2274 testibus
1586 2244 1656 2275 cte.
