2147 2964
213 991 270 1023 53.

220 2014 277 2045 54.

327 267 375 303 46
789 264 1108 302 REGISTRUM
1131 265 1442 302 CARTARUM

328 366 460 402 comite
479 365 524 401 de
544 364 637 413 Fyfe
656 363 818 399 Patricio
843 364 976 400 comite
996 365 1041 400 de
1060 364 1219 401 Dunbar
1239 365 1427 401 willelmo
1447 364 1578 400 comite
1598 363 1643 399 de
1663 362 1767 399 Marr
1787 375 1905 398 came-

327 435 426 471 rario
453 433 626 470 Johanne
656 432 825 481 Cumyne
854 433 1015 481 Hugone
1047 434 1092 469 de
1120 433 1333 482 Abirnethy
1362 433 1523 481 Hugone
1550 433 1595 468 de
1624 431 1782 479 Berclay
1808 430 1904 465 iusti-

329 503 442 539 ciario
470 501 662 538 Laudonie
689 507 725 537 et
753 501 927 537 Johanne
955 502 1000 537 de
1027 501 1279 538 Lambertoun
1305 524 1312 531 ·
1340 503 1437 550 apud
1469 501 1649 538 Neubotil
1675 500 1818 536 decimo
1847 499 1906 534 die

328 572 460 608 Marcii
489 584 586 607 anno
613 570 719 618 regni
748 570 863 605 nostri
890 569 1018 617 quinto
1046 571 1189 606 decimo
1208 592 1215 599 ·
1236 570 1281 606 In
1301 584 1454 618 quorum
1476 570 1727 618 premissorum
1747 567 1906 604 testimo-

328 641 429 676 nium
448 639 603 688 sigillum
631 638 793 673 nostrum
821 638 1006 685 priuatum
1033 638 1191 686 presenti
1219 645 1403 675 cartarum
1431 638 1650 686 transcripto
1675 636 1904 685 apposuimus

642 707 703 723 .....

329 857 443 894 Carta
461 857 602 893 abbatis
622 855 754 892 sanae
776 855 907 892 Crucis
927 855 972 891 de
993 855 1225 904 Edynburgh
1244 856 1290 891 de
1310 856 1369 891 sex
1388 854 1522 890 solidis.

329 968 537 1021 Vniuerfis
566 983 703 1021 Christi
730 982 898 1018 fidelibus
925 982 996 1017 hoc
1024 981 1197 1028 scriptum
1226 981 1354 1016 visuris
1382 980 1440 1017 vel
1467 979 1646 1016 audituris
1673 977 1810 1026 Symon
1830 976 1903 1012 Dei

328 1053 455 1102 gracia
474 1053 585 1089 abbas
603 1051 733 1087 Sancte
750 1050 882 1087 Crucis
901 1051 946 1085 de
960 1049 1191 1098 Edynburgh
1212 1055 1247 1084 et
1266 1049 1425 1084 eiusdem
1444 1049 1516 1084 loci
1537 1053 1740 1084 conuentus
1755 1046 1903 1081 salutem

329 1123 366 1158 in
387 1121 549 1157 Domino
568 1120 827 1167 sempiternam
846 1140 853 1147 ·
875 1118 1035 1154 Nouerit
1062 1117 1279 1153 uniuersitas
1303 1118 1422 1153 vestra
1449 1130 1515 1152 nos
1539 1116 1702 1152 vnanimi
1731 1114 1904 1150 consensu

330 1197 365 1226 et
384 1189 520 1226 assensu
540 1188 691 1236 capituli
711 1186 823 1222 nostri
844 1185 1048 1222 conceffiffe
1067 1192 1102 1221 et
1121 1186 1190 1221 hac
1219 1192 1321 1221 carta
1346 1185 1470 1221 nostra
1489 1185 1712 1221 confirmasse
1731 1183 1904 1231 magistro

330 1266 365 1295 et
385 1258 559 1294 fratribus
579 1258 624 1292 de
647 1256 766 1292 Soltre
786 1254 846 1290 sex
865 1255 998 1289 solidos
1026 1253 1285 1301 sterlingorum
1313 1267 1453 1290 annuos
1480 1254 1624 1301 integre
1648 1252 1906 1300 percipiendos

331 1329 596 1375 imperpetuum
625 1324 775 1371 singulis
803 1323 908 1358 annis
936 1336 957 1358 a
983 1323 1089 1357 nobis
1118 1322 1216 1369 apud
1251 1321 1511 1357 monasterium
1544 1321 1675 1358 Sancte
1703 1321 1831 1356 Crucis
1860 1321 1906 1356 de

330 1394 560 1445 Edynburgh
588 1394 625 1429 in
654 1392 791 1428 o&auis
821 1391 953 1427 83,ηὸὶο
973 1390 1169 1426 Trinitatis
1195 1404 1261 1439 pro
1288 1391 1397 1427 blado
1426 1393 1522 1438 quod
1549 1390 1741 1438 percipere
1758 1391 1905 1426 consue-

330 1469 464 1500 uerunt
483 1463 519 1498 in
537 1461 651 1498 Carso
667 1460 805 1496 domini
825 1460 922 1507 regis
942 1459 1040 1506 quod
1059 1460 1103 1495 de
1123 1459 1174 1494 eis
1193 1459 1368 1495 habemus
1383 1480 1390 1486 ·
1405 1459 1448 1494 In
1468 1460 1570 1495 cuius
1588 1459 1642 1495 rei
1661 1459 1906 1505 testimonium

329 1531 486 1581 presenti
515 1530 647 1577 scripto
668 1528 824 1576 sigillum
852 1527 1004 1575 capituli
1034 1527 1146 1562 nostri
1174 1527 1225 1563 est
1249 1529 1446 1575 appensum
1465 1548 1472 1555 ·
1490 1528 1629 1564 Datum
1658 1512 1754 1575 apud
1782 1528 1906 1576 Edyn—

329 1601 449 1649 burgh
467 1600 526 1635 die
547 1598 679 1635 Martis
706 1597 743 1633 in
763 1597 904 1645 vigilia
922 1596 1029 1632 Beati
1049 1596 1218 1632 Bernabe
1246 1596 1399 1644 apostoli
1426 1610 1523 1633 anno
1543 1597 1696 1632 Domini
1718 1596 1905 1632 millesimo

331 1674 429 1707 cccuno
448 1668 618 1706 vicesimo
639 1667 748 1702 sexto,

335 1820 448 1857 Carta
467 1816 677 1868 [Michaelis
694 1815 778 1863 filii]
800 1813 926 1850 Dauid
945 1814 989 1849 de
1009 1813 1161 1862 VVemys
1188 1814 1234 1849 de
1261 1813 1543 1849 confirmacione
1570 1813 1720 1849 ecclefie
1748 1813 1905 1849 eiusdem

334 1897 370 1926 et
389 1891 432 1925 de
452 1888 561 1924 certis
579 1886 697 1922 terris.

339 1992 534 2047 Omnibus
552 2007 623 2043 hoc
643 2006 815 2053 scriptum
836 2004 963 2040 visuris
983 2003 1041 2039 vel
1062 2003 1242 2039 audituris
1261 2003 1425 2040 Michael
1443 2004 1488 2039 de
1508 2003 1660 2052 XVemys
1678 2004 1773 2039 filius
1793 2017 1905 2051 quon-

336 2078 420 2113 dam
438 2076 576 2112 domini
594 2075 721 2111 Dauid
740 2075 784 2109 de
804 2073 955 2121 VVemys
981 2072 1133 2107 salutem
1160 2073 1198 2108 in
1217 2072 1379 2108 Domino
1399 2096 1406 2103 -
1427 2072 1615 2108 Noueritis
1639 2086 1696 2108 me
1721 2073 1905 2121 inspexisse

336 2152 372 2182 et
403 2146 567 2194 plenarie
603 2142 818 2180 intellexiffe
855 2143 1039 2189 quandam
1076 2146 1215 2178 cartam
1250 2141 1405 2188 predi6ti
1439 2141 1576 2176 domini
1611 2141 1738 2177 Dauid
1773 2142 1904 2177 fafitam

336 2214 506 2262 magistro
536 2219 572 2249 et
600 2213 773 2248 fratribus
802 2211 934 2248 Sanfite
956 2209 1153 2246 Trinitatis
1179 2209 1225 2244 de
1255 2208 1374 2245 Soltre
1402 2209 1440 2244 in
1467 2209 1534 2244 hec
1562 2209 1673 2244 verba
1691 2229 1698 2235 ·
1718 2208 1906 2244 Vniuerfis

338 2284 455 2317 sanae
473 2281 599 2317 matris
618 2279 768 2316 ecclefie
787 2279 871 2314 filiis
890 2284 926 2314 et
952 2278 1120 2313 fidelibus
1148 2278 1322 2314 vniuerfis
1343 2278 1468 2313 Dauid
1494 2277 1661 2313 dominus
1688 2278 1733 2313 de
1753 2278 1906 2327 lVemys

339 2350 441 2385 miles
460 2350 612 2385 salutem
638 2349 677 2384 in
696 2347 858 2383 Domino
884 2347 1141 2394 sempiternam
1161 2367 1169 2374 ·
1190 2346 1349 2382 Nouerit
1368 2345 1581 2381 vniuerfitas
1600 2346 1716 2381 vestra
1744 2359 1802 2382 me
1821 2359 1902 2382 con·

340 2417 469 2454 ceffisse
489 2425 525 2453 et
541 2417 611 2452 hac
629 2416 788 2464 presenti
808 2421 910 2451 carta
925 2428 1007 2451 mea
1025 2414 1249 2451 confirmasse
1267 2414 1350 2450 Deo
1369 2420 1405 2450 et
1423 2414 1546 2449 domui
1566 2413 1696 2451 San&e
1712 2414 1905 2450 Trinitatis
