2147 2964
226 592 245 622 10

331 306 350 334 4
802 270 1133 339 REGISTRUM'
1149 302 1456 340 CARTARUM

332 471 445 508 Carta
464 471 589 507 Dauid
610 472 768 521 Olyfard
787 473 832 509 de
851 479 958 509 traua
976 473 1074 510 bladi
1093 474 1138 510 de
1157 474 1326 511 omnibus
1346 475 1487 511 earucis
1506 474 1588 510 suis.

329 578 470 631 Dauid
496 594 641 631 Olifard
670 596 837 632 omnibus
865 595 992 632 amicis
1019 596 1089 631 suis
1116 596 1261 632 clericis
1288 602 1324 632 et
1350 596 1455 632 laicis
1474 597 1701 644 presentibus
1721 603 1756 633 et
1776 598 1907 634 futuris

329 664 479 699 salutem
499 685 505 692 ·
529 663 660 700 Sciatis
680 678 736 700 me
756 665 890 700 dedisse
909 664 1113 701 eonceffiffe
1133 671 1169 701 et
1194 665 1262 701 hac
1281 665 1442 713 presenti
1463 671 1565 702 carta
1583 679 1663 702 mea
1683 666 1907 702 confirmasse

328 745 395 780 pro
415 746 471 768 me
499 739 535 768 et
553 733 751 769 heredibus
778 734 869 769 meis
889 734 971 770 Deo
998 739 1034 769 et
1053 734 1178 769 domui
1208 733 1339 770 811Πᾶ6
1361 734 1557 770 Trinitatis
1576 735 1621 770 de
1644 734 1764 771 Soltre
1784 742 1820 771 et
1839 736 1907 770 fra-

328 802 443 837 tribus
463 802 597 838 ibidem
617 802 700 838 Deo
719 803 961 839 seruientibus
980 803 1025 838 de
1045 815 1263 850 vnaquaque
1283 815 1418 838 caruca
1436 803 1475 838 in
1495 803 1667 838 dominiis
1686 805 1776 839 meis
1797 817 1905 839 vnam

329 870 495 906 thravam
518 871 563 906 de
590 871 700 906 blado
727 871 764 906 in
791 878 991 919 autumpno
1019 871 1208 907 annuatim
1235 872 1509 919 percipiendam
1525 892 1532 900 ·
1557 871 1681 915 Quare
1707 873 1788 908 volo
1809 874 1906 920 quod

329 938 492 974 homines
510 939 583 974 mei
602 940 647 975 de
668 952 723 975 me
744 945 910 976 tenentes
929 940 974 975 de
995 939 1142 987 singulis
1165 940 1306 976 carucis
1325 941 1396 976 suis
1416 954 1525 976 vnam
1544 941 1711 977 thravam
1732 943 1777 977 de
1796 942 1905 978 blado

328 1009 467 1044 donent
493 1009 669 1056 predhffis
696 1009 867 1045 fratribus
894 1010 940 1045 de
970 1008 1090 1045 Soltre
1118 1009 1156 1044 in
1184 1015 1384 1056 autumpno
1402 1031 1409 1037 ·
1429 1009 1478 1045 Et
1498 1015 1535 1044 vt
1562 1009 1630 1045 1166
1650 1010 1805 1045 donacio
1825 1024 1905 1046 mea

329 1085 409 1113 rata
428 1078 470 1114 fit
489 1084 525 1114 et
543 1078 754 1114 inconcussa
771 1079 994 1127 inposterum
1013 1078 1099 1114 huie
1119 1083 1219 1113 carte
1238 1090 1316 1112 mee
1336 1076 1491 1123 sigillum
1510 1090 1629 1112 meum
1649 1078 1794 1125 apposui
1815 1099 1822 1106 ·
1839 1078 1906 1113 hiis

327 1146 476 1183 testibus
496 1147 659 1183 Patricio
678 1149 722 1184 de
743 1147 896 1183 Maleris
923 1147 1096 1195 magistro
1117 1145 1278 1192 Hugone
1305 1145 1350 1180 de
1375 1145 1632 1180 Brothirstane
1654 1145 1840 1181 willelmo
1860 1147 1905 1182 de

329 1216 513 1252 Smalham
547 1216 712 1252 Henrico
744 1216 878 1252 elerico
909 1216 1076 1251 Henrieo
1106 1215 1151 1249 de
1180 1213 1413 1261 Besyngham
1441 1213 1629 1249 Willelmo
1656 1214 1792 1261 pistore
1813 1214 1905 1250 Wil-

326 1284 434 1320 lelmo
454 1285 498 1320 de
517 1284 751 1320 Bennothine
771 1284 894 1319 Alano
915 1283 990 1318 filio
1011 1282 1169 1318 Walteri
1195 1288 1230 1318 et
1254 1281 1376 1317 multis
1404 1282 1483 1317 aliis
1504 1305 1510 1312 -
1534 1282 1713 1330 [Testibns
1733 1285 1771 1318 in
1791 1284 1903 1319 altera

327 1355 429 1401 copia
464 1354 617 1401 eitgfslem
653 1358 751 1388 carte
778 1352 941 1388 Patricio
973 1352 1018 1386 (16
1047 1351 1212 1386 Mailvile
1242 1350 1414 1398 magistro
1443 1350 1605 1398 Hugone
1633 1351 1678 1386 de
1706 1351 1903 1400 Breehyne

325 1422 497 1457 Johannc
518 1422 562 1456 de
585 1421 769 1457 Smalham
789 1421 903 1456 fratre
918 1420 1107 1456 Willelmo
1127 1420 1171 1455 de
1194 1418 1377 1456 Smalham
1396 1419 1564 1456 Henrico
1582 1420 1717 1456 clerico
1736 1421 1902 1457 Henrieo

325 1492 370 1525 de
391 1489 622 1538 Besyngham
642 1489 829 1525 Willelmo
848 1489 982 1537 pistore
1000 1489 1185 1524 Willelmo
1205 1489 1251 1524 de
1271 1487 1490 1537 Benathyne
1511 1488 1634 1525 Alano
1653 1489 1728 1524 filio
1744 1489 1902 1525 lValteri

325 1565 359 1594 et
380 1558 500 1594 multis
520 1557 626 1606 aliis]

321 1718 435 1754 Carta
453 1717 616 1765 Philippi
635 1718 680 1753 de
700 1717 765 1753 Ew
785 1717 830 1752 de
850 1717 1056 1752 donacione
1076 1722 1258 1752 terrarum
1279 1716 1324 1750 de
1343 1715 1668 1764 Philpdawystoun
1688 1715 1763 1751 Ew.

325 1821 531 1874 Vniuerfis
554 1837 672 1874 sancite
694 1837 820 1873 matris
840 1836 990 1873 ecclesie
1008 1835 1092 1871 filiis
1111 1835 1316 1882 presentem
1336 1841 1475 1872 cartam
1494 1835 1624 1871 visuris
1642 1835 1701 1871 vel
1720 1836 1900 1872 audituris

328 1906 518 1954 Philippus
545 1907 590 1942 de
620 1906 685 1942 Ew
713 1906 864 1942 salutem
889 1927 896 1934 -
922 1904 1083 1941 Nouerit
1114 1904 1331 1939 Vniuerfitas
1362 1904 1483 1940 vestra
1510 1917 1568 1939 me
1598 1904 1723 1940 diuine
1753 1905 1901 1952 pietatis

325 1975 460 2010 intuitu
480 1981 515 2011 et
534 1988 600 2022 pro
620 1975 734 2011 salute
761 1974 881 2010 anime
908 1987 987 2010 mee
1015 1972 1149 2008 dedisse
1176 1978 1212 2008 et
1237 1972 1440 2009 eonceffiffe
1468 1978 1504 2008 et
1530 1972 1600 2009 1136
1619 1974 1778 2020 presenti
1798 1980 1901 2009 carta

326 2056 407 2078 mea
421 2043 645 2079 confirmasse
661 2043 744 2079 Deo
763 2048 799 2078 et
818 2042 942 2078 domui
960 2041 1092 2078 San&oe
1109 2040 1303 2076 Trinitatis
1321 2041 1365 2077 de
1384 2040 1503 2077 Soltre
1523 2047 1559 2077 et
1576 2041 1748 2077 fratribus
1765 2042 1900 2078 ibidem

326 2111 408 2146 Deo
426 2111 669 2148 seruientibus
688 2117 724 2147 et
742 2111 1009 2159 imperpetuum
1032 2108 1217 2145 seruituris
1237 2121 1348 2144 vnum
1367 2108 1498 2145 toftum
1518 2115 1554 2145 et
1572 2109 1662 2144 duas
1680 2122 1784 2145 acras
1801 2115 1899 2145 terre

328 2180 511 2225 proximas
529 2179 581 2215 illi
607 2185 704 2215 terre
724 2192 834 2226 quam
853 2179 985 2214 Petrus
1002 2178 1098 2213 filius
1115 2177 1273 2213 Albriffi
1293 2177 1411 2213 tenuit
1430 2177 1475 2212 de
1497 2176 1630 2213 8311613
1650 2176 1835 2213 Trinitate
1855 2178 1899 2213 de

331 2248 450 2284 Soltre
470 2261 551 2284 eum
578 2248 763 2284 communi
789 2247 938 2296 pastura
956 2247 1098 2282 duobus
1128 2245 1231 2293 equis
1260 2251 1296 2282 et
1321 2246 1456 2293 septem
1475 2246 1589 2281 bobus
1608 2267 1615 2274 -
1637 2245 1834 2282 Tenendas
1854 2247 1898 2282 de

329 2330 384 2352 me
403 2323 439 2352 et
457 2318 652 2353 heredibus
678 2317 768 2353 meis
787 2317 850 2352 fibi
875 2322 910 2352 et
929 2314 1187 2352 successoribus
1214 2314 1282 2349 suis
1311 2314 1361 2349 ita
1387 2314 1502 2349 libere
1530 2314 1652 2360 quiete
1678 2314 1844 2361 plenarie
1863 2321 1900 2350 et

330 2386 528 2422 honorifice
548 2387 592 2421 ab
612 2385 712 2420 omni
739 2385 935 2421 exaccione
962 2383 1114 2420 seculari
1142 2388 1178 2418 et
1205 2381 1495 2418 demandafieut
1514 2382 1636 2429 aliqua
1655 2382 1843 2419 elimosina
1861 2383 1897 2419 in

328 2467 442 2502 regno
463 2453 590 2490 860616
608 2453 759 2489 liberius
778 2452 940 2500 quiecius
962 2452 1147 2500 plenarius
1166 2455 1202 2487 et
1221 2449 1527 2486 honorificencius
1547 2450 1591 2486 ab
1611 2450 1733 2498 aliquo
1753 2456 1899 2488 tenetur
