2147 2964
793 290 864 326 DE
891 288 1204 326 RESTALRIG.
1224 289 1227 292 ⁴
1712 289 1783 327 275

216 390 411 424 canonicos
443 396 479 425 et
510 390 680 436 personas
716 389 935 424 familiarum
968 387 1211 428 dictideeani
1245 393 1281 423 et
1310 387 1569 422 canonicorum
1602 393 1637 422 et
1666 387 1781 422 eciam

216 455 521 501 parochianorum
549 457 594 492 de
621 456 782 492 Lesuade
813 463 849 492 et
878 456 1035 491 filiarum
1071 456 1148 491 eius
1179 468 1221 491 ac
1253 455 1404 490 aliarum
1437 456 1557 491 mense
1589 455 1782 502 capitulari

216 523 377 569 predicte
398 524 639 559 vniendarum
668 524 900 559 ecclesiarum
929 536 972 559 ea
999 523 1251 570 superioritate
1278 522 1549 570 preeminancia
1569 529 1605 558 et
1622 522 1782 558 iurisdic-

217 591 321 626 cione
339 592 500 639 potiatur
519 599 554 627 et
574 593 746 638 fungatur
765 591 897 638 quibus
916 591 1092 627 ordinarii
1113 593 1276 628 locorum
1299 594 1337 628 in
1357 594 1437 628 suos
1456 594 1663 628 diocesanos
1683 606 1725 629 ac
1744 594 1780 628 in

216 658 373 694 subditos
394 658 472 694 suos
490 659 599 706 potiri
625 666 661 694 et
689 659 791 706 fungi
819 659 1086 695 consueuerunt
1104 680 1110 687 ·
1130 667 1166 696 et
1184 662 1280 707 quod
1303 661 1529 708 presentat-io
1547 661 1780 707 personarum

216 725 430 761 idonearum
460 726 506 760 ad
533 726 751 761 decanatum
779 727 926 773 quando
953 726 1054 761 illum
1082 726 1161 773 post
1187 727 1282 762 hanc
1300 728 1454 774 primam
1476 728 1591 762 vicem
1611 728 1782 775 deinceps

217 805 346 828 vacare
378 793 576 841 contigerit
608 794 654 828 ad
685 794 922 829 canonicatus
955 806 1040 828 vero
1070 800 1105 829 et
1135 795 1340 840 prebendas
1376 795 1580 830 huiusmodi
1609 800 1681 831 tam
1715 796 1782 831 hac

214 860 332 907 prima
351 861 429 896 vice
448 874 555 908 quam
577 862 621 896 de
642 867 765 897 cetero
792 861 979 909 perpetuis
1006 862 1137 897 futuris
1165 863 1388 910 temporibus
1407 863 1453 898 ad
1476 863 1657 910 prefatum
1675 864 1783 900 Jaco-

214 929 298 963 bum
326 935 361 965 et
388 941 455 976 pro
483 935 648 976 tempore
675 929 887 965 existentem
917 929 1108 965 Scotorum
1137 943 1261 978 regem
1290 930 1471 966 institucio
1505 944 1590 966 vero
1616 933 1784 979 persona-

214 1009 292 1032 rum
321 996 368 1032 fic
396 997 685 1044 presentatarum
716 997 837 1044 quoad
864 997 1080 1033 decanatum
1111 999 1156 1034 ad
1184 999 1303 1034 sedem
1331 999 1565 1046 apostolicam
1597 1013 1668 1047 quo
1698 1014 1783 1037 vero

213 1065 259 1100 ad
279 1066 516 1101 canonicatus
536 1071 572 1101 et
590 1066 797 1113 prebendas
824 1065 1027 1101 huiusmodi
1057 1067 1103 1102 ad
1130 1067 1307 1102 decanum
1329 1067 1425 1102 difite
1444 1067 1593 1103 ecclesie
1612 1081 1676 1116 pro
1696 1074 1783 1105 tem—

213 1145 302 1180 pore
329 1134 541 1169 existentem
571 1140 748 1181 perpetuo
775 1135 959 1181 pertineat
977 1155 984 1162 ·
1005 1134 1149 1182 ipseque
1176 1135 1375 1170 decanatus
1397 1134 1439 1170 fit
1466 1136 1680 1171 beneficium
1702 1149 1782 1172 cum

213 1201 399 1248 quibusuis
427 1202 507 1237 aliis
535 1202 650 1237 eciam
675 1202 810 1238 curatis
837 1202 1024 1238 beneficiis
1052 1202 1283 1249 compatibile
1310 1203 1496 1249 prebende
1516 1216 1603 1239 vero
1622 1205 1784 1251 predicte

213 1269 455 1305 sacerdotales
475 1270 685 1305 continuam
706 1270 932 1317 personalem
960 1269 1196 1305 refidenciam
1225 1271 1453 1317 requirentes
1473 1271 1628 1308 existent
1646 1294 1653 1301 -
1674 1273 1785 1320 quod-

214 1350 284 1385 que
304 1337 425 1373 nullus
448 1338 666 1374 decanatum
694 1338 895 1386 predictum
923 1337 1089 1374 obtinere
1115 1338 1220 1385 poffit
1247 1338 1310 1373 uifi
1339 1339 1376 1373 in
1406 1345 1559 1386 Vtroque
1585 1341 1642 1377 vel
1669 1341 1784 1377 altero

213 1405 348 1441 iurium
381 1406 508 1440 doaor
540 1406 599 1441 seu
633 1405 848 1442 licenciatus
876 1405 1005 1441 existat
1032 1405 1220 1441 statuimus
1251 1412 1288 1441 et
1320 1407 1530 1443 ordinamus
1557 1428 1564 1435 ·
1592 1421 1634 1444 ac
1666 1410 1782 1445 eidem

214 1473 407 1510 decanatui
427 1474 550 1508 omnia
569 1480 605 1509 et
625 1473 764 1521 singula
783 1474 879 1509 bona
905 1473 1056 1509 mobilia
1082 1473 1174 1509 diae
1194 1474 1343 1510 ecclefie
1363 1477 1481 1511 erecte
1500 1488 1567 1522 pro
1586 1476 1682 1512 illius
1700 1478 1784 1514 dote

217 1547 394 1588 perpetuo
414 1541 638 1589 applicamus
657 1547 694 1577 et
714 1542 988 1589 appropriamus
1007 1542 1212 1588 dictamque
1240 1542 1425 1578 ecclesiam
1446 1544 1491 1579 de
1510 1544 1680 1581 Leswade
1699 1558 1784 1593 quo-

217 1610 271 1645 uis
296 1610 404 1645 modo
425 1614 530 1645 vacet
554 1609 668 1644 eciam
697 1609 816 1644 eidem
844 1609 1039 1645 decanatui
1068 1610 1168 1645 cuius
1197 1610 1290 1646 dicte
1318 1611 1467 1646 ecclefie
1487 1612 1531 1647 de
1550 1612 1714 1648 Lesuade
1733 1613 1785 1649 in*

217 1677 319 1712 simul
350 1677 489 1712 fruetus
519 1677 685 1712 redditus
715 1683 751 1712 et
781 1684 983 1724 prouentus
1019 1678 1285 1726 quinquaginta
1319 1679 1496 1715 librarum
1527 1680 1783 1728 sterlingorum

218 1746 414 1781 secundum
435 1757 663 1780 communem
684 1745 954 1781 estimacionem
975 1746 1108 1781 valoris
1136 1746 1246 1781 annui
1269 1752 1306 1782 vt
1328 1747 1493 1782 asseritur
1512 1760 1584 1783 non
1604 1750 1785 1786 excedunt

217 1819 395 1862 perpetuo
431 1813 574 1849 vnimus
609 1813 835 1849 anneffimus
871 1819 907 1849 et
942 1814 1214 1861 incorporamus
1237 1833 1244 1840 ·
1268 1814 1452 1861 ipsumque
1487 1815 1704 1852 decanatum
1740 1819 1815 1853 ab·

219 1881 316 1917 omni
337 1882 587 1917 iurisdiccione
607 1881 841 1917 correccione
861 1881 1069 1917 vifitacione
1096 1881 1348 1929 superioritate
1376 1883 1537 1919 dominio
1556 1891 1592 1920 et
1610 1885 1785 1932 potestate

221 1950 485 1997 archiepiscopi
506 1949 768 1986 Sanctiandree
794 1962 861 1997 pro
881 1941 1044 1997 tempore
1070 1949 1262 1985 existentes
1281 1963 1323 1986 ac
1343 1951 1495 1986 aliorum
1516 1953 1783 1990 ordinariorum

222 2030 523 2066 quorumcunque
551 2030 593 2053 ac
619 2017 780 2053 iudicum
808 2030 1006 2065 eorumque
1027 2018 1244 2053 vicariorum
1269 2025 1305 2054 et
1327 2019 1530 2055 officialium
1549 2021 1694 2068 penitus
1712 2023 1784 2058 exi-

223 2087 354 2122 mimus
373 2092 410 2122 et
429 2085 592 2122 totaliter
610 2086 807 2121 liberamus
835 2098 877 2121 ac
903 2086 1008 2121 nobis
1035 2093 1071 2122 et
1097 2087 1170 2122 sedi
1199 2086 1396 2134 apostolice
1414 2088 1624 2126 immediate
1644 2091 1784 2127 subiici-

224 2167 302 2189 mus
327 2159 363 2189 et
390 2153 606 2188 decanatum
634 2154 835 2200 predistum
865 2166 946 2189 cum
975 2155 1140 2189 omnibus
1163 2154 1303 2190 iuribus
1322 2161 1358 2190 et
1375 2156 1613 2202 pertinenciis
1631 2157 1701 2194 suis
1719 2172 1785 2206 pro

224 2223 293 2258 hac
310 2222 430 2269 prima
453 2221 531 2257 viee
559 2221 676 2256 eidem
695 2216 833 2256 Joan'ni
862 2221 1064 2268 supradifflm
1091 2222 1235 2269 prefata
1260 2223 1476 2259 auctoritate
1503 2225 1723 2262 conferimus
1751 2234 1786 2263 et

225 2291 270 2326 de
298 2290 360 2325 illo
388 2289 621 2337 prouidemus
644 2311 650 2318 ·
676 2289 828 2336 Insuper
856 2289 995 2324 dileetis
1022 2289 1105 2325 filiis
1136 2290 1327 2326 abbatibus
1356 2291 1486 2328 sanae
1516 2292 1646 2329 Crucis
1673 2308 1786 2344 prope

225 2357 444 2405 Edinburgh
463 2363 499 2393 et
517 2357 562 2392 de
575 2356 766 2393 Newbotle
785 2369 827 2392 ac
841 2356 867 2392 J
870 2357 1005 2393 ohanni
1020 2357 1182 2405 Baptiste
1202 2359 1246 2394 de
1265 2358 1423 2395 Ferrara
1441 2362 1618 2397 canonico
1637 2363 1785 2400 ecclesie

225 2424 443 2461 Mutinensis
464 2424 678 2460 mandamus
705 2430 884 2471 quatenus
911 2425 974 2473 ipfi
1001 2425 1095 2474 [aut]
1117 2427 1249 2474 aliquis
1275 2440 1400 2463 eorum
1429 2430 1584 2465 eundem
1603 2430 1784 2468 Joannem
