<?xml version="1.0" encoding="UTF-8"?>
<!DOCTYPE html PUBLIC "-//W3C//DTD XHTML 1.0 Transitional//EN"
    "http://www.w3.org/TR/xhtml1/DTD/xhtml1-transitional.dtd">
<html xmlns="http://www.w3.org/1999/xhtml" xml:lang="en" lang="en">
 <head>
  <title>
</title>
<meta http-equiv="Content-Type" content="text/html;charset=utf-8" />
  <meta name='ocr-system' content='tesseract 3.04.00' />
  <meta name='ocr-capabilities' content='ocr_page ocr_carea ocr_par ocr_line ocrx_word'/>
</head>
<body>
  <div class='ocr_page' id='page_1' title='image "./registrumdomusde00lain_0251.png"; bbox 0 0 2147 2964; ppageno 0'>
   <div class='ocr_carea' id='block_1_1' title="bbox 515 258 1807 303">
    <p class='ocr_par' dir='ltr' id='par_1_1' title="bbox 515 258 1807 303">
     <span class='ocr_line' id='line_1_1' title="bbox 515 258 1807 303; baseline 0.004 -9"><span class='ocrx_word' id='word_1_1' title='bbox 515 258 724 296; x_wconf 87' lang='lat' dir='ltr'><strong>SANCTE</strong></span> <span class='ocrx_word' id='word_1_2' title='bbox 753 259 1069 296; x_wconf 88' lang='lat' dir='ltr'><strong>TRINITATIS</strong></span> <span class='ocrx_word' id='word_1_3' title='bbox 1096 261 1168 296; x_wconf 89' lang='lat' dir='ltr'>DE</span> <span class='ocrx_word' id='word_1_4' title='bbox 1194 261 1530 299; x_wconf 87' lang='lat' dir='ltr'><strong>EDINBURGH.</strong></span> <span class='ocrx_word' id='word_1_5' title='bbox 1761 266 1807 303; x_wconf 85' lang='lat'>75</span> 
     </span>
    </p>
   </div>
   <div class='ocr_carea' id='block_1_2' title="bbox 222 355 1807 2447">
    <p class='ocr_par' dir='ltr' id='par_1_2' title="bbox 222 355 1807 2447">
     <span class='ocr_line' id='line_1_2' title="bbox 240 355 1806 411; baseline 0.005 -20"><span class='ocrx_word' id='word_1_6' title='bbox 240 355 453 392; x_wconf 79' lang='lat' dir='ltr'>successores</span> <span class='ocrx_word' id='word_1_7' title='bbox 473 358 522 393; x_wconf 92' lang='lat' dir='ltr'>sui</span> <span class='ocrx_word' id='word_1_8' title='bbox 542 359 586 394; x_wconf 89' lang='lat' dir='ltr'>de</span> <span class='ocrx_word' id='word_1_9' title='bbox 605 358 809 394; x_wconf 85' lang='lat' dir='ltr'>huiusmodi</span> <span class='ocrx_word' id='word_1_10' title='bbox 837 359 944 394; x_wconf 89' lang='lat' dir='ltr'>terris</span> <span class='ocrx_word' id='word_1_11' title='bbox 971 365 1007 395; x_wconf 88' lang='lat' dir='ltr'>et</span> <span class='ocrx_word' id='word_1_12' title='bbox 1033 360 1255 396; x_wconf 84' lang='lat' dir='ltr'>molendinis</span> <span class='ocrx_word' id='word_1_13' title='bbox 1278 375 1358 397; x_wconf 89' lang='lat' dir='ltr'>cum</span> <span class='ocrx_word' id='word_1_14' title='bbox 1378 362 1616 409; x_wconf 83' lang='lat' dir='ltr'>pertinenciis</span> <span class='ocrx_word' id='word_1_15' title='bbox 1633 363 1806 411; x_wconf 85' lang='lat' dir='ltr'>deinceps</span> 
     </span>
     <span class='ocr_line' id='line_1_3' title="bbox 237 424 1807 478; baseline 0.005 -18"><span class='ocrx_word' id='word_1_16' title='bbox 237 424 326 460; x_wconf 87' lang='lat' dir='ltr'>fiant</span> <span class='ocrx_word' id='word_1_17' title='bbox 345 425 544 462; x_wconf 80' lang='lat' dir='ltr'>securiores</span> <span class='ocrx_word' id='word_1_18' title='bbox 571 426 825 462; x_wconf 89' lang='lat' dir='ltr'>reuocauimus</span> <span class='ocrx_word' id='word_1_19' title='bbox 853 426 1064 463; x_wconf 82' lang='lat' dir='ltr'>cassauimus</span> <span class='ocrx_word' id='word_1_20' title='bbox 1092 429 1362 465; x_wconf 84' lang='lat' dir='ltr'>annullauimus</span> <span class='ocrx_word' id='word_1_21' title='bbox 1388 435 1423 465; x_wconf 92' lang='lat' dir='ltr'>ct</span> <span class='ocrx_word' id='word_1_22' title='bbox 1441 430 1510 465; x_wconf 91' lang='lat' dir='ltr'>hac</span> <span class='ocrx_word' id='word_1_23' title='bbox 1528 431 1683 478; x_wconf 86' lang='lat' dir='ltr'>presenti</span> <span class='ocrx_word' id='word_1_24' title='bbox 1705 439 1807 468; x_wconf 87' lang='lat' dir='ltr'>carta</span> 
     </span>
     <span class='ocr_line' id='line_1_4' title="bbox 237 493 1805 542; baseline 0.005 -15"><span class='ocrx_word' id='word_1_25' title='bbox 237 493 361 528; x_wconf 89' lang='lat' dir='ltr'>nostra</span> <span class='ocrx_word' id='word_1_26' title='bbox 385 506 598 530; x_wconf 90' lang='lat' dir='ltr'>reuocamus</span> <span class='ocrx_word' id='word_1_27' title='bbox 627 494 800 530; x_wconf 73' lang='lat' dir='ltr'>cassamus</span> <span class='ocrx_word' id='word_1_28' title='bbox 828 500 864 530; x_wconf 89' lang='lat' dir='ltr'>et</span> <span class='ocrx_word' id='word_1_29' title='bbox 890 495 1157 542; x_wconf 86' lang='lat' dir='ltr'>imperpetuum</span> <span class='ocrx_word' id='word_1_30' title='bbox 1184 497 1415 533; x_wconf 85' lang='lat' dir='ltr'>annullamus</span> <span class='ocrx_word' id='word_1_31' title='bbox 1434 511 1559 533; x_wconf 88' lang='lat' dir='ltr'>omnes</span> <span class='ocrx_word' id='word_1_32' title='bbox 1579 505 1697 534; x_wconf 86' lang='lat' dir='ltr'>cartas</span> <span class='ocrx_word' id='word_1_33' title='bbox 1714 500 1805 535; x_wconf 80' lang='lat' dir='ltr'>saisi-</span> 
     </span>
     <span class='ocr_line' id='line_1_5' title="bbox 236 561 1805 614; baseline 0.005 -19"><span class='ocrx_word' id='word_1_34' title='bbox 236 573 300 595; x_wconf 86' lang='lat' dir='ltr'>nas</span> <span class='ocrx_word' id='word_1_35' title='bbox 327 561 486 608; x_wconf 88' lang='lat' dir='ltr'>aliasque</span> <span class='ocrx_word' id='word_1_36' title='bbox 514 562 723 598; x_wconf 90' lang='lat' dir='ltr'>euidencias</span> <span class='ocrx_word' id='word_1_37' title='bbox 754 563 1038 609; x_wconf 88' lang='lat' dir='ltr'>quibuscumque</span> <span class='ocrx_word' id='word_1_38' title='bbox 1065 564 1144 598; x_wconf 86' lang='lat' dir='ltr'>aliis</span> <span class='ocrx_word' id='word_1_39' title='bbox 1169 565 1331 612; x_wconf 89' lang='lat' dir='ltr'>personis</span> <span class='ocrx_word' id='word_1_40' title='bbox 1362 566 1586 614; x_wconf 81' lang='lat' dir='ltr'>temporibus</span> <span class='ocrx_word' id='word_1_41' title='bbox 1615 568 1805 603; x_wconf 69' lang='lat' dir='ltr'>retroaffis</span> 
     </span>
     <span class='ocr_line' id='line_1_6' title="bbox 235 629 1804 679; baseline 0.005 -16"><span class='ocrx_word' id='word_1_42' title='bbox 235 634 320 664; x_wconf 88' lang='lat' dir='ltr'>ante</span> <span class='ocrx_word' id='word_1_43' title='bbox 339 629 435 664; x_wconf 89' lang='lat' dir='ltr'>diem</span> <span class='ocrx_word' id='word_1_44' title='bbox 454 630 538 665; x_wconf 86' lang='lat' dir='ltr'>date</span> <span class='ocrx_word' id='word_1_45' title='bbox 564 630 791 677; x_wconf 89' lang='lat' dir='ltr'>presencium</span> <span class='ocrx_word' id='word_1_46' title='bbox 811 630 962 678; x_wconf 85' lang='lat' dir='ltr'>desuper</span> <span class='ocrx_word' id='word_1_47' title='bbox 981 631 1163 667; x_wconf 44' lang='lat' dir='ltr'>confertas</span> <span class='ocrx_word' id='word_1_48' title='bbox 1182 637 1217 667; x_wconf 91' lang='lat' dir='ltr'>et</span> <span class='ocrx_word' id='word_1_49' title='bbox 1237 632 1378 668; x_wconf 87' lang='lat' dir='ltr'>easdem</span> <span class='ocrx_word' id='word_1_50' title='bbox 1397 634 1619 679; x_wconf 88' lang='lat' dir='ltr'>temporibus</span> <span class='ocrx_word' id='word_1_51' title='bbox 1638 636 1804 671; x_wconf 85' lang='lat' dir='ltr'>affuturis</span> 
     </span>
     <span class='ocr_line' id='line_1_7' title="bbox 235 695 1804 743; baseline 0.005 -13"><span class='ocrx_word' id='word_1_52' title='bbox 235 695 369 731; x_wconf 89' lang='lat' dir='ltr'>nullius</span> <span class='ocrx_word' id='word_1_53' title='bbox 388 695 456 731; x_wconf 82' lang='lat' dir='ltr'>esse</span> <span class='ocrx_word' id='word_1_54' title='bbox 476 697 612 743; x_wconf 84' lang='lat' dir='ltr'>vigoris</span> <span class='ocrx_word' id='word_1_55' title='bbox 632 697 765 732; x_wconf 86' lang='lat' dir='ltr'>valoris</span> <span class='ocrx_word' id='word_1_56' title='bbox 792 698 853 733; x_wconf 91' lang='lat' dir='ltr'>seu</span> <span class='ocrx_word' id='word_1_57' title='bbox 880 698 1039 733; x_wconf 85' lang='lat' dir='ltr'>efficacie</span> <span class='ocrx_word' id='word_1_58' title='bbox 1066 698 1296 735; x_wconf 85' lang='lat' dir='ltr'>decreuimus</span> <span class='ocrx_word' id='word_1_59' title='bbox 1324 706 1360 735; x_wconf 93' lang='lat' dir='ltr'>et</span> <span class='ocrx_word' id='word_1_60' title='bbox 1387 701 1654 737; x_wconf 86' lang='lat' dir='ltr'>declarauimus</span> <span class='ocrx_word' id='word_1_61' title='bbox 1681 709 1717 738; x_wconf 88' lang='lat' dir='ltr'>et</span> <span class='ocrx_word' id='word_1_62' title='bbox 1736 703 1804 739; x_wconf 85' lang='lat' dir='ltr'>hac</span> 
     </span>
     <span class='ocr_line' id='line_1_8' title="bbox 233 763 1804 809; baseline 0.005 -12"><span class='ocrx_word' id='word_1_63' title='bbox 233 763 392 809; x_wconf 88' lang='lat' dir='ltr'>presenti</span> <span class='ocrx_word' id='word_1_64' title='bbox 411 770 513 800; x_wconf 89' lang='lat' dir='ltr'>carta</span> <span class='ocrx_word' id='word_1_65' title='bbox 531 764 655 800; x_wconf 89' lang='lat' dir='ltr'>nostra</span> <span class='ocrx_word' id='word_1_66' title='bbox 672 765 903 801; x_wconf 82' lang='lat' dir='ltr'>decernimus</span> <span class='ocrx_word' id='word_1_67' title='bbox 931 771 966 801; x_wconf 93' lang='lat' dir='ltr'>et</span> <span class='ocrx_word' id='word_1_68' title='bbox 985 765 1214 802; x_wconf 81' lang='lat' dir='ltr'>declaramus</span> <span class='ocrx_word' id='word_1_69' title='bbox 1240 780 1385 802; x_wconf 86' lang='lat' dir='ltr'>necnon</span> <span class='ocrx_word' id='word_1_70' title='bbox 1410 767 1446 802; x_wconf 90' lang='lat' dir='ltr'>in</span> <span class='ocrx_word' id='word_1_71' title='bbox 1474 768 1617 804; x_wconf 89' lang='lat' dir='ltr'>laudem</span> <span class='ocrx_word' id='word_1_72' title='bbox 1637 775 1673 804; x_wconf 84' lang='lat' dir='ltr'>et</span> <span class='ocrx_word' id='word_1_73' title='bbox 1692 770 1804 805; x_wconf 90' lang='lat' dir='ltr'>hono-</span> 
     </span>
     <span class='ocr_line' id='line_1_9' title="bbox 233 831 1803 885; baseline 0.004 -18"><span class='ocrx_word' id='word_1_74' title='bbox 233 844 310 867; x_wconf 86' lang='lat' dir='ltr'>rem</span> <span class='ocrx_word' id='word_1_75' title='bbox 332 831 463 868; x_wconf 66' lang='lat' dir='ltr'>sanae</span> <span class='ocrx_word' id='word_1_76' title='bbox 490 838 526 868; x_wconf 93' lang='lat' dir='ltr'>et</span> <span class='ocrx_word' id='word_1_77' title='bbox 545 832 743 868; x_wconf 90' lang='lat' dir='ltr'>Indiuidue</span> <span class='ocrx_word' id='word_1_78' title='bbox 764 833 958 869; x_wconf 83' lang='lat' dir='ltr'>Trinitatis</span> <span class='ocrx_word' id='word_1_79' title='bbox 978 833 1098 869; x_wconf 85' lang='lat' dir='ltr'>Patris</span> <span class='ocrx_word' id='word_1_80' title='bbox 1125 839 1161 869; x_wconf 88' lang='lat' dir='ltr'>et</span> <span class='ocrx_word' id='word_1_81' title='bbox 1179 834 1265 869; x_wconf 86' lang='lat' dir='ltr'>Filii</span> <span class='ocrx_word' id='word_1_82' title='bbox 1293 840 1328 870; x_wconf 88' lang='lat' dir='ltr'>et</span> <span class='ocrx_word' id='word_1_83' title='bbox 1350 834 1508 882; x_wconf 86' lang='lat' dir='ltr'>Spiritus</span> <span class='ocrx_word' id='word_1_84' title='bbox 1529 836 1651 872; x_wconf 68' lang='lat' dir='ltr'>Sanffi</span> <span class='ocrx_word' id='word_1_85' title='bbox 1669 838 1803 885; x_wconf 78' lang='lat' dir='ltr'>glorio-</span> 
     </span>
     <span class='ocr_line' id='line_1_10' title="bbox 232 899 1803 948; baseline 0.005 -13"><span class='ocrx_word' id='word_1_86' title='bbox 232 899 431 947; x_wconf 82' lang='lat' dir='ltr'>fiffimeque</span> <span class='ocrx_word' id='word_1_87' title='bbox 463 900 616 948; x_wconf 88' lang='lat' dir='ltr'>virginis</span> <span class='ocrx_word' id='word_1_88' title='bbox 648 901 773 937; x_wconf 84' lang='lat' dir='ltr'>matris</span> <span class='ocrx_word' id='word_1_89' title='bbox 806 901 926 937; x_wconf 88' lang='lat' dir='ltr'>Marie</span> <span class='ocrx_word' id='word_1_90' title='bbox 956 908 991 938; x_wconf 90' lang='lat' dir='ltr'>et</span> <span class='ocrx_word' id='word_1_91' title='bbox 1023 902 1183 937; x_wconf 89' lang='lat' dir='ltr'>omnium</span> <span class='ocrx_word' id='word_1_92' title='bbox 1216 904 1420 939; x_wconf 59' lang='lat' dir='ltr'>sanfitorum</span> <span class='ocrx_word' id='word_1_93' title='bbox 1453 917 1495 939; x_wconf 84' lang='lat' dir='ltr'>ac</span> <span class='ocrx_word' id='word_1_94' title='bbox 1522 905 1567 940; x_wconf 88' lang='lat' dir='ltr'>ad</span> <span class='ocrx_word' id='word_1_95' title='bbox 1598 905 1803 943; x_wconf 81' lang='lat' dir='ltr'>huiusmodi</span> 
     </span>
     <span class='ocr_line' id='line_1_11' title="bbox 231 968 1803 1020; baseline 0.005 -17"><span class='ocrx_word' id='word_1_96' title='bbox 231 968 328 1005; x_wconf 79' lang='lat' dir='ltr'>misse</span> <span class='ocrx_word' id='word_1_97' title='bbox 352 969 653 1006; x_wconf 88' lang='lat' dir='ltr'>sustentacionem</span> <span class='ocrx_word' id='word_1_98' title='bbox 682 970 911 1018; x_wconf 86' lang='lat' dir='ltr'>aliorumque</span> <span class='ocrx_word' id='word_1_99' title='bbox 935 970 1144 1006; x_wconf 89' lang='lat' dir='ltr'>diuinorum</span> <span class='ocrx_word' id='word_1_100' title='bbox 1172 971 1436 1007; x_wconf 85' lang='lat' dir='ltr'>celcbracionis</span> <span class='ocrx_word' id='word_1_101' title='bbox 1463 975 1803 1020; x_wconf 83' lang='lat' dir='ltr'>augmentacionem</span> 
     </span>
     <span class='ocr_line' id='line_1_12' title="bbox 230 1037 1803 1089; baseline 0.004 -17"><span class='ocrx_word' id='word_1_102' title='bbox 230 1050 297 1084; x_wconf 90' lang='lat' dir='ltr'>pro</span> <span class='ocrx_word' id='word_1_103' title='bbox 317 1037 430 1074; x_wconf 83' lang='lat' dir='ltr'>salute</span> <span class='ocrx_word' id='word_1_104' title='bbox 458 1039 578 1075; x_wconf 88' lang='lat' dir='ltr'>anime</span> <span class='ocrx_word' id='word_1_105' title='bbox 605 1038 726 1074; x_wconf 87' lang='lat' dir='ltr'>nostre</span> <span class='ocrx_word' id='word_1_106' title='bbox 746 1045 781 1074; x_wconf 91' lang='lat' dir='ltr'>et</span> <span class='ocrx_word' id='word_1_107' title='bbox 808 1039 1011 1075; x_wconf 86' lang='lat' dir='ltr'>animarum</span> <span class='ocrx_word' id='word_1_108' title='bbox 1040 1039 1338 1076; x_wconf 81' lang='lat' dir='ltr'>nobilifflmorum</span> <span class='ocrx_word' id='word_1_109' title='bbox 1364 1042 1653 1089; x_wconf 77' lang='lat' dir='ltr'>predecessorum</span> <span class='ocrx_word' id='word_1_110' title='bbox 1673 1050 1708 1078; x_wconf 91' lang='lat' dir='ltr'>et</span> <span class='ocrx_word' id='word_1_111' title='bbox 1728 1046 1803 1079; x_wconf 90' lang='lat' dir='ltr'>suc-</span> 
     </span>
     <span class='ocr_line' id='line_1_13' title="bbox 231 1105 1802 1159; baseline 0.004 -18"><span class='ocrx_word' id='word_1_112' title='bbox 231 1105 404 1142; x_wconf 82' lang='lat' dir='ltr'>cessorum</span> <span class='ocrx_word' id='word_1_113' title='bbox 434 1108 640 1143; x_wconf 88' lang='lat' dir='ltr'>nostrorum</span> <span class='ocrx_word' id='word_1_114' title='bbox 659 1107 822 1143; x_wconf 88' lang='lat' dir='ltr'>dedimus</span> <span class='ocrx_word' id='word_1_115' title='bbox 851 1108 1087 1144; x_wconf 73' lang='lat' dir='ltr'>concessimus</span> <span class='ocrx_word' id='word_1_116' title='bbox 1107 1115 1142 1144; x_wconf 93' lang='lat' dir='ltr'>et</span> <span class='ocrx_word' id='word_1_117' title='bbox 1161 1109 1482 1145; x_wconf 88' lang='lat' dir='ltr'>admortizauimus</span> <span class='ocrx_word' id='word_1_118' title='bbox 1502 1116 1537 1146; x_wconf 92' lang='lat' dir='ltr'>et</span> <span class='ocrx_word' id='word_1_119' title='bbox 1556 1111 1625 1147; x_wconf 89' lang='lat' dir='ltr'>hac</span> <span class='ocrx_word' id='word_1_120' title='bbox 1643 1113 1802 1159; x_wconf 87' lang='lat' dir='ltr'>presenti</span> 
     </span>
     <span class='ocr_line' id='line_1_14' title="bbox 231 1175 1801 1224; baseline 0.004 -14"><span class='ocrx_word' id='word_1_121' title='bbox 231 1180 332 1211; x_wconf 86' lang='lat' dir='ltr'>carta</span> <span class='ocrx_word' id='word_1_122' title='bbox 351 1175 473 1211; x_wconf 88' lang='lat' dir='ltr'>nostra</span> <span class='ocrx_word' id='word_1_123' title='bbox 490 1176 618 1211; x_wconf 85' lang='lat' dir='ltr'>damus</span> <span class='ocrx_word' id='word_1_124' title='bbox 646 1176 879 1212; x_wconf 87' lang='lat' dir='ltr'>concedimus</span> <span class='ocrx_word' id='word_1_125' title='bbox 902 1183 938 1213; x_wconf 89' lang='lat' dir='ltr'>et</span> <span class='ocrx_word' id='word_1_126' title='bbox 964 1190 1028 1224; x_wconf 92' lang='lat' dir='ltr'>pro</span> <span class='ocrx_word' id='word_1_127' title='bbox 1056 1177 1161 1213; x_wconf 93' lang='lat' dir='ltr'>nobis</span> <span class='ocrx_word' id='word_1_128' title='bbox 1181 1183 1216 1213; x_wconf 88' lang='lat' dir='ltr'>et</span> <span class='ocrx_word' id='word_1_129' title='bbox 1234 1178 1490 1213; x_wconf 78' lang='lat' dir='ltr'>successoribus</span> <span class='ocrx_word' id='word_1_130' title='bbox 1508 1178 1640 1215; x_wconf 87' lang='lat' dir='ltr'>nostris</span> <span class='ocrx_word' id='word_1_131' title='bbox 1660 1181 1801 1216; x_wconf 91' lang='lat' dir='ltr'>admor-</span> 
     </span>
     <span class='ocr_line' id='line_1_15' title="bbox 231 1243 1800 1293; baseline 0.005 -15"><span class='ocrx_word' id='word_1_132' title='bbox 231 1243 383 1279; x_wconf 85' lang='lat' dir='ltr'>tizanius</span> <span class='ocrx_word' id='word_1_133' title='bbox 402 1250 438 1279; x_wconf 92' lang='lat' dir='ltr'>et</span> <span class='ocrx_word' id='word_1_134' title='bbox 457 1244 503 1279; x_wconf 93' lang='lat' dir='ltr'>ad</span> <span class='ocrx_word' id='word_1_135' title='bbox 522 1257 667 1279; x_wconf 89' lang='lat' dir='ltr'>manum</span> <span class='ocrx_word' id='word_1_136' title='bbox 695 1250 872 1280; x_wconf 85' lang='lat' dir='ltr'>mortuam</span> <span class='ocrx_word' id='word_1_137' title='bbox 900 1258 967 1292; x_wconf 87' lang='lat' dir='ltr'>pro</span> <span class='ocrx_word' id='word_1_138' title='bbox 994 1252 1173 1293; x_wconf 86' lang='lat' dir='ltr'>perpetuo</span> <span class='ocrx_word' id='word_1_139' title='bbox 1201 1246 1457 1282; x_wconf 88' lang='lat' dir='ltr'>confirmamus</span> <span class='ocrx_word' id='word_1_140' title='bbox 1479 1246 1610 1284; x_wconf 68' lang='lat' dir='ltr'>San&amp;e</span> <span class='ocrx_word' id='word_1_141' title='bbox 1629 1254 1665 1284; x_wconf 91' lang='lat' dir='ltr'>et</span> <span class='ocrx_word' id='word_1_142' title='bbox 1684 1250 1800 1286; x_wconf 91' lang='lat' dir='ltr'>Bene-</span> 
     </span>
     <span class='ocr_line' id='line_1_16' title="bbox 233 1311 1798 1360; baseline 0.004 -14"><span class='ocrx_word' id='word_1_143' title='bbox 233 1311 327 1346; x_wconf 57' lang='lat' dir='ltr'>dine</span> <span class='ocrx_word' id='word_1_144' title='bbox 357 1311 533 1347; x_wconf 88' lang='lat' dir='ltr'>Trinitati</span> <span class='ocrx_word' id='word_1_145' title='bbox 566 1311 886 1360; x_wconf 86' lang='lat' dir='ltr'>gloriofiffimeque</span> <span class='ocrx_word' id='word_1_146' title='bbox 918 1313 1050 1360; x_wconf 86' lang='lat' dir='ltr'>virgini</span> <span class='ocrx_word' id='word_1_147' title='bbox 1083 1313 1204 1349; x_wconf 89' lang='lat' dir='ltr'>Marie</span> <span class='ocrx_word' id='word_1_148' title='bbox 1235 1323 1271 1350; x_wconf 89' lang='lat' dir='ltr'>et</span> <span class='ocrx_word' id='word_1_149' title='bbox 1303 1315 1468 1350; x_wconf 91' lang='lat' dir='ltr'>omnibus</span> <span class='ocrx_word' id='word_1_150' title='bbox 1497 1316 1627 1351; x_wconf 62' lang='lat' dir='ltr'>sanetis</span> <span class='ocrx_word' id='word_1_151' title='bbox 1655 1330 1798 1354; x_wconf 87' lang='lat' dir='ltr'>necnon</span> 
     </span>
     <span class='ocr_line' id='line_1_17' title="bbox 233 1380 1798 1430; baseline 0.004 -16"><span class='ocrx_word' id='word_1_152' title='bbox 233 1380 327 1415; x_wconf 52' lang='lat' dir='ltr'>dicte</span> <span class='ocrx_word' id='word_1_153' title='bbox 346 1381 466 1415; x_wconf 87' lang='lat' dir='ltr'>nostre</span> <span class='ocrx_word' id='word_1_154' title='bbox 486 1380 635 1415; x_wconf 80' lang='lat' dir='ltr'>ecclesie</span> <span class='ocrx_word' id='word_1_155' title='bbox 664 1380 856 1428; x_wconf 82' lang='lat' dir='ltr'>collegiate</span> <span class='ocrx_word' id='word_1_156' title='bbox 883 1381 1206 1429; x_wconf 87' lang='lat' dir='ltr'>prebendariisque</span> <span class='ocrx_word' id='word_1_157' title='bbox 1235 1388 1270 1418; x_wconf 93' lang='lat' dir='ltr'>et</span> <span class='ocrx_word' id='word_1_158' title='bbox 1297 1383 1495 1430; x_wconf 86' lang='lat' dir='ltr'>capellanis</span> <span class='ocrx_word' id='word_1_159' title='bbox 1523 1384 1680 1420; x_wconf 89' lang='lat' dir='ltr'>eiusdem</span> <span class='ocrx_word' id='word_1_160' title='bbox 1699 1399 1798 1422; x_wconf 89' lang='lat' dir='ltr'>nune</span> 
     </span>
     <span class='ocr_line' id='line_1_18' title="bbox 231 1448 1797 1500; baseline 0.004 -17"><span class='ocrx_word' id='word_1_161' title='bbox 231 1448 458 1495; x_wconf 84' lang='lat' dir='ltr'>presentibus</span> <span class='ocrx_word' id='word_1_162' title='bbox 476 1454 512 1483; x_wconf 88' lang='lat' dir='ltr'>et</span> <span class='ocrx_word' id='word_1_163' title='bbox 530 1448 599 1484; x_wconf 91' lang='lat' dir='ltr'>suis</span> <span class='ocrx_word' id='word_1_164' title='bbox 627 1448 884 1484; x_wconf 80' lang='lat' dir='ltr'>successoribus</span> <span class='ocrx_word' id='word_1_165' title='bbox 912 1449 1069 1484; x_wconf 87' lang='lat' dir='ltr'>eiusdem</span> <span class='ocrx_word' id='word_1_166' title='bbox 1097 1449 1246 1485; x_wconf 76' lang='lat' dir='ltr'>ecclesie</span> <span class='ocrx_word' id='word_1_167' title='bbox 1270 1450 1525 1497; x_wconf 87' lang='lat' dir='ltr'>prebendariis</span> <span class='ocrx_word' id='word_1_168' title='bbox 1544 1458 1579 1488; x_wconf 92' lang='lat' dir='ltr'>et</span> <span class='ocrx_word' id='word_1_169' title='bbox 1598 1453 1797 1500; x_wconf 86' lang='lat' dir='ltr'>capellanis</span> 
     </span>
     <span class='ocr_line' id='line_1_19' title="bbox 229 1516 1795 1565; baseline 0.004 -14"><span class='ocrx_word' id='word_1_170' title='bbox 229 1517 289 1563; x_wconf 89' lang='lat' dir='ltr'>qui</span> <span class='ocrx_word' id='word_1_171' title='bbox 307 1529 373 1564; x_wconf 90' lang='lat' dir='ltr'>pro</span> <span class='ocrx_word' id='word_1_172' title='bbox 393 1522 556 1563; x_wconf 89' lang='lat' dir='ltr'>tempore</span> <span class='ocrx_word' id='word_1_173' title='bbox 584 1516 720 1552; x_wconf 88' lang='lat' dir='ltr'>fuerint</span> <span class='ocrx_word' id='word_1_174' title='bbox 747 1529 872 1552; x_wconf 86' lang='lat' dir='ltr'>omnes</span> <span class='ocrx_word' id='word_1_175' title='bbox 899 1523 934 1552; x_wconf 90' lang='lat' dir='ltr'>et</span> <span class='ocrx_word' id='word_1_176' title='bbox 962 1517 1118 1564; x_wconf 87' lang='lat' dir='ltr'>singulas</span> <span class='ocrx_word' id='word_1_177' title='bbox 1145 1517 1328 1565; x_wconf 65' lang='lat' dir='ltr'>predffltas</span> <span class='ocrx_word' id='word_1_178' title='bbox 1356 1524 1470 1554; x_wconf 89' lang='lat' dir='ltr'>terras</span> <span class='ocrx_word' id='word_1_179' title='bbox 1490 1520 1535 1555; x_wconf 89' lang='lat' dir='ltr'>de</span> <span class='ocrx_word' id='word_1_180' title='bbox 1559 1520 1593 1555; x_wconf 93' lang='lat' dir='ltr'>le</span> <span class='ocrx_word' id='word_1_181' title='bbox 1611 1520 1730 1556; x_wconf 84' lang='lat' dir='ltr'>Powis</span> <span class='ocrx_word' id='word_1_182' title='bbox 1750 1522 1795 1557; x_wconf 89' lang='lat' dir='ltr'>de</span> 
     </span>
     <span class='ocr_line' id='line_1_20' title="bbox 228 1584 1793 1635; baseline 0.003 -15"><span class='ocrx_word' id='word_1_183' title='bbox 228 1585 321 1622; x_wconf 86' lang='lat' dir='ltr'>Erth</span> <span class='ocrx_word' id='word_1_184' title='bbox 341 1591 377 1621; x_wconf 88' lang='lat' dir='ltr'>et</span> <span class='ocrx_word' id='word_1_185' title='bbox 398 1584 650 1621; x_wconf 89' lang='lat' dir='ltr'>Cummistoun</span> <span class='ocrx_word' id='word_1_186' title='bbox 670 1591 899 1632; x_wconf 86' lang='lat' dir='ltr'>nuncupatas</span> <span class='ocrx_word' id='word_1_187' title='bbox 919 1584 1224 1633; x_wconf 83' lang='lat' dir='ltr'>Manwell-riggis</span> <span class='ocrx_word' id='word_1_188' title='bbox 1244 1599 1325 1621; x_wconf 91' lang='lat' dir='ltr'>cum</span> <span class='ocrx_word' id='word_1_189' title='bbox 1352 1586 1572 1623; x_wconf 87' lang='lat' dir='ltr'>molendinis</span> <span class='ocrx_word' id='word_1_190' title='bbox 1593 1601 1793 1635; x_wconf 89' lang='lat' dir='ltr'>granorum</span> 
     </span>
     <span class='ocr_line' id='line_1_21' title="bbox 227 1653 1792 1700; baseline 0.002 -10"><span class='ocrx_word' id='word_1_191' title='bbox 227 1659 263 1690; x_wconf 88' lang='lat' dir='ltr'>et</span> <span class='ocrx_word' id='word_1_192' title='bbox 298 1653 476 1689; x_wconf 88' lang='lat' dir='ltr'>fullonum</span> <span class='ocrx_word' id='word_1_193' title='bbox 521 1653 720 1688; x_wconf 89' lang='lat' dir='ltr'>earundem</span> <span class='ocrx_word' id='word_1_194' title='bbox 766 1666 847 1688; x_wconf 89' lang='lat' dir='ltr'>cum</span> <span class='ocrx_word' id='word_1_195' title='bbox 891 1653 1129 1700; x_wconf 84' lang='lat' dir='ltr'>pertinenciis</span> <span class='ocrx_word' id='word_1_196' title='bbox 1173 1655 1334 1689; x_wconf 85' lang='lat' dir='ltr'>iacentes</span> <span class='ocrx_word' id='word_1_197' title='bbox 1369 1655 1466 1690; x_wconf 87' lang='lat' dir='ltr'>infra</span> <span class='ocrx_word' id='word_1_198' title='bbox 1501 1656 1792 1693; x_wconf 85' lang='lat' dir='ltr'>vicecomitatum</span> 
     </span>
     <span class='ocr_line' id='line_1_22' title="bbox 225 1720 1792 1771; baseline 0.004 -16"><span class='ocrx_word' id='word_1_199' title='bbox 225 1720 387 1756; x_wconf 88' lang='lat' dir='ltr'>nostrum</span> <span class='ocrx_word' id='word_1_200' title='bbox 419 1721 639 1757; x_wconf 69' lang='lat' dir='ltr'>antedi&amp;um</span> <span class='ocrx_word' id='word_1_201' title='bbox 664 1744 671 1750; x_wconf 93' lang='lat'>-</span> <span class='ocrx_word' id='word_1_202' title='bbox 692 1720 889 1756; x_wconf 89' lang='lat' dir='ltr'>Tenendas</span> <span class='ocrx_word' id='word_1_203' title='bbox 921 1728 956 1757; x_wconf 90' lang='lat' dir='ltr'>et</span> <span class='ocrx_word' id='word_1_204' title='bbox 987 1721 1173 1757; x_wconf 85' lang='lat' dir='ltr'>habendas</span> <span class='ocrx_word' id='word_1_205' title='bbox 1205 1734 1329 1757; x_wconf 87' lang='lat' dir='ltr'>omnes</span> <span class='ocrx_word' id='word_1_206' title='bbox 1361 1729 1397 1758; x_wconf 89' lang='lat' dir='ltr'>et</span> <span class='ocrx_word' id='word_1_207' title='bbox 1426 1722 1582 1771; x_wconf 82' lang='lat' dir='ltr'>singulas</span> <span class='ocrx_word' id='word_1_208' title='bbox 1610 1725 1792 1771; x_wconf 63' lang='lat' dir='ltr'>predfflzas</span> 
     </span>
     <span class='ocr_line' id='line_1_23' title="bbox 224 1788 1791 1839; baseline 0.004 -16"><span class='ocrx_word' id='word_1_209' title='bbox 224 1796 341 1824; x_wconf 89' lang='lat' dir='ltr'>terras</span> <span class='ocrx_word' id='word_1_210' title='bbox 368 1789 413 1824; x_wconf 91' lang='lat' dir='ltr'>de</span> <span class='ocrx_word' id='word_1_211' title='bbox 440 1788 474 1824; x_wconf 91' lang='lat' dir='ltr'>le</span> <span class='ocrx_word' id='word_1_212' title='bbox 494 1789 612 1824; x_wconf 89' lang='lat' dir='ltr'>Powis</span> <span class='ocrx_word' id='word_1_213' title='bbox 639 1789 684 1824; x_wconf 89' lang='lat' dir='ltr'>de</span> <span class='ocrx_word' id='word_1_214' title='bbox 710 1788 803 1824; x_wconf 90' lang='lat' dir='ltr'>Erth</span> <span class='ocrx_word' id='word_1_215' title='bbox 831 1795 866 1824; x_wconf 91' lang='lat' dir='ltr'>et</span> <span class='ocrx_word' id='word_1_216' title='bbox 894 1789 1144 1825; x_wconf 88' lang='lat' dir='ltr'>Cummistoun</span> <span class='ocrx_word' id='word_1_217' title='bbox 1172 1796 1401 1838; x_wconf 85' lang='lat' dir='ltr'>nuncupatas</span> <span class='ocrx_word' id='word_1_218' title='bbox 1424 1790 1728 1839; x_wconf 84' lang='lat' dir='ltr'>Manwell-riggis</span> <span class='ocrx_word' id='word_1_219' title='bbox 1756 1802 1791 1830; x_wconf 89' lang='lat' dir='ltr'>et</span> 
     </span>
     <span class='ocr_line' id='line_1_24' title="bbox 224 1856 1790 1906; baseline 0.003 -14"><span class='ocrx_word' id='word_1_220' title='bbox 224 1856 435 1892; x_wconf 89' lang='lat' dir='ltr'>molendina</span> <span class='ocrx_word' id='word_1_221' title='bbox 464 1869 661 1903; x_wconf 84' lang='lat' dir='ltr'>granorum</span> <span class='ocrx_word' id='word_1_222' title='bbox 698 1863 733 1892; x_wconf 91' lang='lat' dir='ltr'>et</span> <span class='ocrx_word' id='word_1_223' title='bbox 764 1856 943 1891; x_wconf 89' lang='lat' dir='ltr'>fullonum</span> <span class='ocrx_word' id='word_1_224' title='bbox 978 1859 1176 1893; x_wconf 84' lang='lat' dir='ltr'>earundem</span> <span class='ocrx_word' id='word_1_225' title='bbox 1208 1871 1288 1894; x_wconf 90' lang='lat' dir='ltr'>cum</span> <span class='ocrx_word' id='word_1_226' title='bbox 1319 1859 1389 1894; x_wconf 90' lang='lat' dir='ltr'>suis</span> <span class='ocrx_word' id='word_1_227' title='bbox 1420 1860 1655 1906; x_wconf 86' lang='lat' dir='ltr'>pertinenciis</span> <span class='ocrx_word' id='word_1_228' title='bbox 1687 1862 1790 1897; x_wconf 57' lang='lat' dir='ltr'>dietis</span> 
     </span>
     <span class='ocr_line' id='line_1_25' title="bbox 223 1923 1789 1974; baseline 0.003 -15"><span class='ocrx_word' id='word_1_229' title='bbox 223 1924 476 1972; x_wconf 88' lang='lat' dir='ltr'>prebendariis</span> <span class='ocrx_word' id='word_1_230' title='bbox 508 1930 543 1960; x_wconf 91' lang='lat' dir='ltr'>et</span> <span class='ocrx_word' id='word_1_231' title='bbox 575 1923 771 1972; x_wconf 88' lang='lat' dir='ltr'>capellanis</span> <span class='ocrx_word' id='word_1_232' title='bbox 802 1924 896 1960; x_wconf 58' lang='lat' dir='ltr'>dicae</span> <span class='ocrx_word' id='word_1_233' title='bbox 930 1924 1050 1960; x_wconf 87' lang='lat' dir='ltr'>nostre</span> <span class='ocrx_word' id='word_1_234' title='bbox 1085 1926 1233 1961; x_wconf 83' lang='lat' dir='ltr'>ecclesie</span> <span class='ocrx_word' id='word_1_235' title='bbox 1265 1926 1455 1972; x_wconf 80' lang='lat' dir='ltr'>collegiate</span> <span class='ocrx_word' id='word_1_236' title='bbox 1487 1927 1625 1974; x_wconf 85' lang='lat' dir='ltr'>suisque</span> <span class='ocrx_word' id='word_1_237' title='bbox 1657 1929 1789 1966; x_wconf 89' lang='lat' dir='ltr'>succes-</span> 
     </span>
     <span class='ocr_line' id='line_1_26' title="bbox 223 1992 1787 2044; baseline 0.004 -16"><span class='ocrx_word' id='word_1_238' title='bbox 223 1992 361 2028; x_wconf 89' lang='lat' dir='ltr'>soribus</span> <span class='ocrx_word' id='word_1_239' title='bbox 390 1992 581 2028; x_wconf 68' lang='lat' dir='ltr'>antediffis</span> <span class='ocrx_word' id='word_1_240' title='bbox 613 1993 657 2027; x_wconf 90' lang='lat' dir='ltr'>de</span> <span class='ocrx_word' id='word_1_241' title='bbox 689 1992 793 2027; x_wconf 92' lang='lat' dir='ltr'>nobis</span> <span class='ocrx_word' id='word_1_242' title='bbox 825 1998 860 2027; x_wconf 93' lang='lat' dir='ltr'>et</span> <span class='ocrx_word' id='word_1_243' title='bbox 896 1992 1153 2029; x_wconf 82' lang='lat' dir='ltr'>successoribus</span> <span class='ocrx_word' id='word_1_244' title='bbox 1186 1993 1317 2029; x_wconf 89' lang='lat' dir='ltr'>nostris</span> <span class='ocrx_word' id='word_1_245' title='bbox 1350 1993 1542 2031; x_wconf 87' lang='lat' dir='ltr'>Scotorum</span> <span class='ocrx_word' id='word_1_246' title='bbox 1572 1997 1718 2044; x_wconf 86' lang='lat' dir='ltr'>regibus</span> <span class='ocrx_word' id='word_1_247' title='bbox 1750 1998 1787 2034; x_wconf 92' lang='lat' dir='ltr'>in</span> 
     </span>
     <span class='ocr_line' id='line_1_27' title="bbox 222 2059 1788 2114; baseline 0.004 -19"><span class='ocrx_word' id='word_1_248' title='bbox 222 2073 349 2108; x_wconf 87' lang='lat' dir='ltr'>puram</span> <span class='ocrx_word' id='word_1_249' title='bbox 370 2066 406 2096; x_wconf 91' lang='lat' dir='ltr'>et</span> <span class='ocrx_word' id='word_1_250' title='bbox 424 2066 636 2108; x_wconf 87' lang='lat' dir='ltr'>perpetuam</span> <span class='ocrx_word' id='word_1_251' title='bbox 666 2059 887 2095; x_wconf 86' lang='lat' dir='ltr'>elimosinam</span> <span class='ocrx_word' id='word_1_252' title='bbox 915 2065 950 2094; x_wconf 85' lang='lat' dir='ltr'>et</span> <span class='ocrx_word' id='word_1_253' title='bbox 977 2061 1023 2095; x_wconf 87' lang='lat' dir='ltr'>ad</span> <span class='ocrx_word' id='word_1_254' title='bbox 1050 2073 1196 2096; x_wconf 89' lang='lat' dir='ltr'>manum</span> <span class='ocrx_word' id='word_1_255' title='bbox 1224 2068 1404 2097; x_wconf 86' lang='lat' dir='ltr'>mortuam</span> <span class='ocrx_word' id='word_1_256' title='bbox 1431 2063 1696 2111; x_wconf 88' lang='lat' dir='ltr'>imperpetuum</span> <span class='ocrx_word' id='word_1_257' title='bbox 1724 2078 1788 2114; x_wconf 85' lang='lat' dir='ltr'>per</span> 
     </span>
     <span class='ocr_line' id='line_1_28' title="bbox 223 2127 1787 2179; baseline 0.004 -17"><span class='ocrx_word' id='word_1_258' title='bbox 223 2140 347 2163; x_wconf 84' lang='lat' dir='ltr'>omnes</span> <span class='ocrx_word' id='word_1_259' title='bbox 374 2130 489 2163; x_wconf 56' lang='lat' dir='ltr'>rectas</span> <span class='ocrx_word' id='word_1_260' title='bbox 516 2133 629 2163; x_wconf 86' lang='lat' dir='ltr'>metas</span> <span class='ocrx_word' id='word_1_261' title='bbox 657 2128 736 2162; x_wconf 88' lang='lat' dir='ltr'>suas</span> <span class='ocrx_word' id='word_1_262' title='bbox 763 2127 931 2174; x_wconf 88' lang='lat' dir='ltr'>antiquas</span> <span class='ocrx_word' id='word_1_263' title='bbox 959 2134 996 2162; x_wconf 90' lang='lat' dir='ltr'>et</span> <span class='ocrx_word' id='word_1_264' title='bbox 1023 2128 1153 2163; x_wconf 88' lang='lat' dir='ltr'>diuisas</span> <span class='ocrx_word' id='word_1_265' title='bbox 1178 2135 1287 2175; x_wconf 91' lang='lat' dir='ltr'>prout</span> <span class='ocrx_word' id='word_1_266' title='bbox 1306 2129 1427 2165; x_wconf 87' lang='lat' dir='ltr'>iacent</span> <span class='ocrx_word' id='word_1_267' title='bbox 1446 2131 1483 2165; x_wconf 95' lang='lat' dir='ltr'>in</span> <span class='ocrx_word' id='word_1_268' title='bbox 1502 2131 1733 2179; x_wconf 85' lang='lat' dir='ltr'>longitudine</span> <span class='ocrx_word' id='word_1_269' title='bbox 1752 2140 1787 2170; x_wconf 91' lang='lat' dir='ltr'>et</span> 
     </span>
     <span class='ocr_line' id='line_1_29' title="bbox 222 2194 1786 2246; baseline 0.004 -16"><span class='ocrx_word' id='word_1_270' title='bbox 222 2195 414 2231; x_wconf 86' lang='lat' dir='ltr'>latitudine</span> <span class='ocrx_word' id='word_1_271' title='bbox 442 2195 480 2230; x_wconf 91' lang='lat' dir='ltr'>in</span> <span class='ocrx_word' id='word_1_272' title='bbox 507 2195 622 2231; x_wconf 88' lang='lat' dir='ltr'>boscis</span> <span class='ocrx_word' id='word_1_273' title='bbox 649 2195 767 2242; x_wconf 86' lang='lat' dir='ltr'>planis</span> <span class='ocrx_word' id='word_1_274' title='bbox 793 2195 904 2230; x_wconf 88' lang='lat' dir='ltr'>moris</span> <span class='ocrx_word' id='word_1_275' title='bbox 932 2194 1092 2230; x_wconf 83' lang='lat' dir='ltr'>marefiis</span> <span class='ocrx_word' id='word_1_276' title='bbox 1120 2196 1186 2231; x_wconf 90' lang='lat' dir='ltr'>viis</span> <span class='ocrx_word' id='word_1_277' title='bbox 1214 2196 1349 2232; x_wconf 89' lang='lat' dir='ltr'>semitis</span> <span class='ocrx_word' id='word_1_278' title='bbox 1376 2198 1478 2244; x_wconf 85' lang='lat' dir='ltr'>aquis</span> <span class='ocrx_word' id='word_1_279' title='bbox 1507 2199 1642 2246; x_wconf 82' lang='lat' dir='ltr'>stagnis</span> <span class='ocrx_word' id='word_1_280' title='bbox 1660 2201 1786 2237; x_wconf 85' lang='lat' dir='ltr'>riuolis</span> 
     </span>
     <span class='ocr_line' id='line_1_30' title="bbox 222 2262 1786 2315; baseline 0.004 -17"><span class='ocrx_word' id='word_1_281' title='bbox 222 2263 337 2310; x_wconf 88' lang='lat' dir='ltr'>pratis</span> <span class='ocrx_word' id='word_1_282' title='bbox 356 2263 497 2311; x_wconf 87' lang='lat' dir='ltr'>pascuis</span> <span class='ocrx_word' id='word_1_283' title='bbox 525 2269 561 2298; x_wconf 92' lang='lat' dir='ltr'>et</span> <span class='ocrx_word' id='word_1_284' title='bbox 587 2263 741 2310; x_wconf 85' lang='lat' dir='ltr'>pasturis</span> <span class='ocrx_word' id='word_1_285' title='bbox 768 2262 986 2298; x_wconf 90' lang='lat' dir='ltr'>molendinis</span> <span class='ocrx_word' id='word_1_286' title='bbox 1013 2263 1181 2298; x_wconf 89' lang='lat' dir='ltr'>multuris</span> <span class='ocrx_word' id='word_1_287' title='bbox 1208 2269 1244 2299; x_wconf 88' lang='lat' dir='ltr'>et</span> <span class='ocrx_word' id='word_1_288' title='bbox 1270 2277 1394 2300; x_wconf 91' lang='lat' dir='ltr'>eorum</span> <span class='ocrx_word' id='word_1_289' title='bbox 1423 2266 1575 2313; x_wconf 86' lang='lat' dir='ltr'>sequelis</span> <span class='ocrx_word' id='word_1_290' title='bbox 1593 2270 1786 2315; x_wconf 84' lang='lat' dir='ltr'>aucupaci-</span> 
     </span>
     <span class='ocr_line' id='line_1_31' title="bbox 223 2330 1785 2383; baseline 0.004 -18"><span class='ocrx_word' id='word_1_291' title='bbox 223 2330 352 2366; x_wconf 90' lang='lat' dir='ltr'>onibus</span> <span class='ocrx_word' id='word_1_292' title='bbox 384 2331 645 2367; x_wconf 87' lang='lat' dir='ltr'>venacionibus</span> <span class='ocrx_word' id='word_1_293' title='bbox 676 2330 941 2378; x_wconf 88' lang='lat' dir='ltr'>piscacionibus</span> <span class='ocrx_word' id='word_1_294' title='bbox 969 2331 1119 2378; x_wconf 86' lang='lat' dir='ltr'>petariis</span> <span class='ocrx_word' id='word_1_295' title='bbox 1149 2331 1321 2368; x_wconf 89' lang='lat' dir='ltr'>turbariis</span> <span class='ocrx_word' id='word_1_296' title='bbox 1351 2334 1575 2370; x_wconf 85' lang='lat' dir='ltr'>carbonariis</span> <span class='ocrx_word' id='word_1_297' title='bbox 1606 2335 1785 2383; x_wconf 89' lang='lat' dir='ltr'>lapicidiis</span> 
     </span>
     <span class='ocr_line' id='line_1_32' title="bbox 223 2398 1783 2447; baseline 0.004 -14"><span class='ocrx_word' id='word_1_298' title='bbox 223 2398 342 2447; x_wconf 87' lang='lat' dir='ltr'>lapide</span> <span class='ocrx_word' id='word_1_299' title='bbox 369 2404 405 2436; x_wconf 87' lang='lat' dir='ltr'>et</span> <span class='ocrx_word' id='word_1_300' title='bbox 432 2399 532 2436; x_wconf 86' lang='lat' dir='ltr'>calce</span> <span class='ocrx_word' id='word_1_301' title='bbox 559 2398 748 2435; x_wconf 83' lang='lat' dir='ltr'>fabrilibus</span> <span class='ocrx_word' id='word_1_302' title='bbox 774 2398 926 2437; x_wconf 86' lang='lat' dir='ltr'>brasinis</span> <span class='ocrx_word' id='word_1_303' title='bbox 952 2399 1108 2439; x_wconf 89' lang='lat' dir='ltr'>brueriis</span> <span class='ocrx_word' id='word_1_304' title='bbox 1136 2405 1171 2435; x_wconf 78' lang='lat' dir='ltr'>et</span> <span class='ocrx_word' id='word_1_305' title='bbox 1197 2399 1353 2447; x_wconf 86' lang='lat' dir='ltr'>genestis</span> <span class='ocrx_word' id='word_1_306' title='bbox 1376 2413 1457 2439; x_wconf 91' lang='lat' dir='ltr'>cum</span> <span class='ocrx_word' id='word_1_307' title='bbox 1477 2402 1585 2438; x_wconf 90' lang='lat' dir='ltr'>curiis</span> <span class='ocrx_word' id='word_1_308' title='bbox 1604 2408 1641 2443; x_wconf 85' lang='lat' dir='ltr'>et</span> <span class='ocrx_word' id='word_1_309' title='bbox 1659 2416 1783 2441; x_wconf 86' lang='lat' dir='ltr'>earum</span> 
     </span>
    </p>
   </div>
  </div>
 </body>
</html>
