2147 2964
341 275 387 306 32
806 269 1119 306 REGISTRUM
1148 269 1450 307 CARTARUM

341 370 441 405 muni
462 369 605 404 venello
628 369 756 418 [inter]
779 370 964 417 quondam
992 368 1173 404 Johannis
1197 368 1325 404 Frowe
1353 375 1390 405 et
1416 369 1601 416 quondam
1621 368 1774 405 Roberti
1794 371 1839 406 de
1858 370 1915 418 By

340 450 438 473 nunc
459 443 593 473 terram
609 437 764 473 Roberti
779 438 908 474 Frowe
928 451 970 473 ex
992 450 1063 472 vna
1081 443 1185 484 parte
1207 443 1243 473 et
1262 443 1399 473 terram
1414 437 1593 472 Willelmi
1613 438 1658 472 de
1675 437 1915 487 Chernysyde

343 519 386 541 ex
405 506 522 541 altera
537 527 543 534 ·
559 505 776 542 Tenendam
797 513 833 542 et
851 506 1057 542 habendam
1076 505 1251 552 predidis
1270 505 1444 541 fratribus
1459 511 1494 541 et
1513 518 1638 541 eorum
1659 505 1916 542 suecessoribus

343 575 381 609 in
400 574 552 609 liberam
570 586 698 621 puram
719 580 755 610 et
771 581 986 622 perpetuam
1003 572 1225 609 elimosinam
1240 586 1306 621 pro
1321 573 1433 608 salute
1449 573 1568 609 anime
1584 586 1663 609 mee
1678 580 1714 609 et
1727 574 1916 611 animabus

344 641 604 678 antecessorum
632 655 794 677 meorum
819 649 855 678 et
883 641 1120 678 suceefl'orum
1147 641 1262 677 libere
1290 641 1412 688 quiete
1440 641 1533 678 bene
1561 648 1597 678 et
1621 642 1656 678 in
1677 656 1767 690 pace
1786 643 1916 691 imper-

341 717 491 757 petuum
523 710 657 756 absque
689 710 787 744 omni
821 710 972 746 seruicio
1002 709 1263 745 consuetudine
1295 715 1331 745 et
1359 710 1542 745 demanda
1567 732 1574 739 -
1603 710 1800 747 Sciendum
1829 725 1914 747 vero

343 778 441 825 quod
469 778 626 825 predicti
657 778 789 813 fratres
817 778 1003 813 habebunt
1035 777 1190 813 liberum
1222 778 1412 814 introitum
1443 786 1479 814 et
1511 779 1647 814 exitum
1677 793 1758 816 cum
1789 793 1915 816 eorum

342 846 479 881 familia
497 858 563 893 per
580 846 784 893 predictum
804 846 987 881 venallum
1015 846 1119 881 tarde
1147 851 1183 881 et
1207 859 1314 881 mane
1341 852 1427 882 ante
1447 853 1482 882 et
1500 853 1600 883 retro
1621 849 1914 896 quandocunque

343 914 526 950 volueriut
554 914 628 949 sine
661 914 959 950 contradiccione
992 914 1048 949 vel
1072 914 1335 961 impedimento
1361 914 1515 950 alicuius
1545 921 1607 951 aut
1633 916 1837 963 aliquorum
1861 918 1916 953 vel

343 982 548 1030 aliquarum
568 1004 574 1011 ·
596 982 675 1029 Ego
696 995 782 1017 vero
802 982 989 1018 VValterus
1017 989 1053 1017 et
1079 982 1233 1018 heredes
1260 983 1330 1017 mei
1359 983 1560 1030 preditstam
1580 990 1715 1019 terram
1735 997 1816 1020 cum
1836 998 1915 1033 per-

342 1050 512 1086 tinenciis
541 1050 712 1097 predictis
739 1050 913 1086 fratribus
940 1051 985 1085 de
1015 1050 1134 1086 Soltre
1166 1050 1255 1086 ficut
1280 1051 1518 1098 prescriptum
1551 1051 1602 1087 est
1631 1059 1761 1088 contra
1789 1066 1914 1088 omnes

342 1119 507 1154 homines
527 1124 563 1154 et
580 1119 732 1155 feminas
759 1119 1028 1166 imperpetuum
1056 1119 1375 1154 warantizabimus
1403 1120 1639 1155 defendemus
1667 1127 1703 1156 et
1731 1122 1914 1168 acquieta-

344 1188 459 1223 bimus
479 1208 486 1216 ·
506 1186 555 1223 Et
575 1193 612 1222 vt
636 1187 704 1222 ista
730 1200 811 1223 mea
838 1188 994 1223 donacio
1023 1187 1229 1223 voluntaria
1256 1186 1434 1223 conceffio
1462 1194 1497 1223 et
1522 1188 1698 1235 presentis
1718 1196 1818 1225 carte
1834 1203 1914 1226 mee

344 1257 579 1293 confirmacio
607 1257 719 1292 robur
747 1263 782 1292 et
809 1257 1045 1292 ratitudinem
1073 1256 1261 1303 optineant
1288 1256 1512 1302 inposterum
1537 1269 1604 1304 ego
1624 1257 1811 1293 YValterus
1834 1271 1915 1305 pre-

344 1323 422 1359 sens
441 1324 614 1371 scriptum
631 1324 745 1372 figillo
764 1337 845 1359 meo
866 1323 1082 1360 coroboraui
1100 1346 1106 1353 -
1122 1323 1191 1358 hiis
1210 1323 1360 1358 testibus
1373 1323 1546 1359 Johanne
1561 1324 1661 1372 Gray
1675 1331 1761 1360 tunc
1779 1326 1914 1362 maiore

344 1393 388 1427 de
409 1392 585 1440 Berwyco
605 1392 768 1428 Roberto
798 1392 920 1428 Stater
939 1392 1062 1427 Adam
1089 1391 1164 1426 filio
1184 1391 1268 1426 Ade
1287 1391 1449 1439 Philippi
1470 1391 1712 1428 Constantino
1733 1393 1915 1429 Marchell

342 1460 515 1496 Jobanne
548 1460 679 1496 Oliuer
715 1466 803 1495 tunc
838 1459 1029 1507 prepositis
1059 1459 1243 1494 Willelmo
1280 1459 1324 1494 de
1353 1459 1474 1494 Botha
1500 1459 1687 1496 Willelmo
1714 1461 1914 1497 Aurifabro

345 1529 526 1564 Willelmo
558 1528 701 1564 Bataile
734 1528 879 1563 Thoma
909 1527 1023 1563 fratre
1055 1527 1116 1562 suo
1148 1526 1320 1563 Johanne
1350 1527 1435 1564 Otir
1463 1527 1609 1564 Thoma
1636 1530 1681 1565 de
1708 1529 1914 1566 Berneham

343 1598 494 1634 Matheo
522 1598 567 1633 de
597 1597 775 1646 Grynlaw
799 1596 971 1632 Johanne
999 1596 1044 1631 de
1072 1595 1230 1631 Dunbar
1252 1596 1414 1632 Roberto
1434 1596 1559 1633 Brune
1580 1597 1761 1634 Nicholao
1781 1599 1914 1635 clerico

343 1674 378 1702 et
398 1666 519 1703 multis
538 1666 630 1702 aliis.

345 1816 459 1852 Carta
477 1815 598 1851 Alieie
618 1815 663 1850 de
683 1814 739 1862 By
760 1814 804 1849 de
824 1813 982 1860 quadam
999 1818 1104 1860 parte
1123 1818 1221 1849 terre
1240 1812 1337 1847 infra
1356 1811 1479 1848 villam
1499 1811 1666 1848 Berwici.

281 1963 288 1971 .
348 1919 541 1976 Omnibus
568 1939 686 1974 sancte
713 1937 840 1973 matris
865 1936 1014 1972 ecclesie
1037 1936 1119 1971 filiis
1146 1936 1291 1984 presens
1310 1936 1480 1984 scriptum
1502 1936 1629 1972 visuris
1655 1937 1712 1972 vel
1736 1938 1914 1974 audituris

346 2007 470 2043 Alicia
488 2007 532 2042 de
553 2007 610 2055 By
629 2006 812 2054 quondam
839 2005 967 2053 sponsa
985 2004 1157 2039 willelmi
1184 2005 1229 2040 de
1248 2004 1462 2053 Chernesyd
1485 2005 1672 2052 burgensis
1691 2006 1736 2040 de
1756 2005 1913 2054 Berwyk

347 2075 495 2110 salutem
515 2096 523 2103 ·
541 2075 731 2110 Noueritis
758 2087 816 2109 me
843 2074 881 2108 in
908 2086 991 2108 mea
1016 2072 1182 2121 legitima
1202 2073 1378 2108 viduitate
1397 2086 1464 2121 pro
1482 2086 1540 2109 me
1559 2079 1596 2109 et
1612 2073 1809 2109 heredibus
1827 2077 1914 2110 meis

348 2144 510 2189 quietum
530 2142 695 2179 elamafl’e
710 2142 793 2178 Deo
813 2148 849 2178 et
868 2141 991 2177 domui
1011 2142 1056 2177 de
1077 2140 1196 2177 Soltre
1216 2147 1252 2177 et
1269 2141 1442 2177 fratribus
1461 2141 1618 2177 eiusdem
1637 2142 1763 2177 domus
1782 2143 1913 2190 imper-

348 2217 495 2257 petuum
524 2217 639 2246 totum
667 2211 721 2246 ius
748 2210 847 2258 quod
872 2209 983 2246 habui
1011 2209 1069 2244 vel
1095 2209 1229 2245 habere
1257 2215 1385 2257 potero
1412 2217 1474 2245 aut
1500 2209 1653 2245 heredes
1680 2210 1751 2245 mei
1777 2210 1914 2247 habere

349 2285 522 2326 poterunt
550 2279 586 2314 in
615 2279 771 2326 quadam
804 2286 908 2326 parte
942 2284 1040 2314 terre
1067 2290 1176 2325 quam
1204 2291 1271 2326 ego
1299 2284 1335 2313 et
1354 2277 1562 2313 Willelmus
1588 2278 1633 2313 de
1663 2276 1914 2326 Chernyss'yde

351 2348 517 2383 dedimus
530 2354 565 2383 et
580 2347 815 2383 conceffimus
828 2348 874 2383 ad
886 2346 1126 2382 feodifirmam
1138 2346 1306 2382 Waltero
1321 2347 1366 2382 de
1382 2345 1500 2382 Soltre
1514 2345 1683 2394 burgenfi
1698 2347 1743 2381 de
1757 2345 1914 2394 Berwyk

352 2428 417 2462 per
448 2416 589 2451 easdem
620 2422 734 2451 metas
765 2423 801 2451 et
832 2415 963 2451 diuisas
993 2415 1090 2451 inter
1122 2414 1201 2450 illos
1233 2414 1414 2450 confeaas
1445 2427 1515 2461 que
1545 2414 1641 2449 iacet
1666 2413 1704 2449 in
1732 2414 1914 2449 communi
