2147 2964
879 306 1063 344 INDEX.

208 403 383 441 Newlandis,
399 405 542 443 prebenda
555 405 599 442 de,
616 407 673 434 vide
688 405 835 434 Dalkeith.

208 474 287 478 -—
302 457 504 495 prebendarius
523 457 566 492 de,
583 459 631 486 67.
679 458 748 486 Vide
762 458 848 486 etiam
864 458 942 486 Leir-

248 509 342 538 mond.

303 566 393 590 rector
407 562 450 598 de,
466 562 524 590 vide
538 561 656 590 Giffcrd.

302 619 375 643 terre
390 614 433 651 (18,
450 614 523 643 infra
537 614 682 643 dominum
697 613 732 641 de
748 612 848 648 Soltre,
866 614 912 642 67.

209 666 365 702 Newtonis,
395 666 547 702 Newtoun,
576 665 753 701 Newtounis,
782 665 875 693 landis
906 664 943 698 of,

251 720 314 754 113,
333 720 399 754 120,
418 720 482 755 124,
499 719 564 747 133.

208 770 350 807 Newtyle,
379 769 516 807 Newtyll,
545 769 682 797 kirktoun
718 768 761 804 de,
791 769 848 796 'ride
877 767 942 796 Bal-

248 822 341 850 lintin.

207 873 329 910 Nobilis,
345 873 475 902 dominus
490 872 668 910 Radulphus,
686 873 730 907 11,
747 873 795 900 31.

207 925 403 961 Normanui1e‚
420 923 628 960 Normanville,
644 923 775 952 dominus
794 923 815 952 J
817 923 943 951 ohannes

246 979 289 1014 de,
308 978 353 1006 10.

298 1029 430 1059 dominus
445 1028 571 1057 Thomas
584 1028 627 1063 de,
644 1029 692 1056 22.

207 1081 418 1117 Northberwik,
441 1080 638 1109 Richartsonis
662 1079 728 1108 land
751 1079 790 1114 in,
812 1082 886 1107 terre
907 1078 942 1106 de

245 1133 446 1169 Richardsone,
463 1134 510 1169 54,
527 1134 574 1168 83,
593 1133 658 1160 101.

298 1186 347 1215 the
361 1186 422 1214 lard
438 1186 469 1213 of
480 1185 640 1221 Langtonis
661 1184 729 1212 land
750 1184 788 1219 in,
805 1187 880 1212 terra
894 1183 940 1211 do-

244 1238 314 1267 mini
329 1238 363 1266 de
378 1238 541 1274 Langtoun,
558 1237 605 1272 54,
623 1236 669 1272 83,
689 1237 754 1264 101.

298 1290 346 1319 the
361 1294 453 1319 towne
468 1289 504 1325 of,
521 1290 568 1324 54,
585 1289 631 1317 83.

206 1344 345 1379 Nortoun,
361 1341 520 1380 capellania
534 1340 577 1377 de,
593 1341 651 1368 vide
665 1339 854 1376 Corstorfyne.

298 1394 370 1423 villa
384 1394 428 1430 de,
444 1394 512 1423 302.

206 1449 309 1478 Nostre
322 1448 443 1476 Domine
458 1447 486 1475 in
504 1446 628 1483 Campis,
642 1444 799 1483 prepositus
813 1443 937 1479 ecclesie,

245 1501 302 1528 vide
317 1499 460 1535 Bothuile,
478 1498 545 1527 Ker.

206 1552 316 1590 Nudry,
333 1552 404 1580 villa
417 1551 461 1587 de,
478 1552 546 1579 277.
586 1578 588 1580 ,

205 1604 344 1641 Nungait,
360 1603 406 1640 lie,
422 1604 479 1631 vide
493 1602 690 1639 Haddington.

205 1760 352 1796 Ochiltrie,
366 1758 522 1795 Ouchiltre,
535 1757 670 1793 Ouchtre,
683 1756 830 1791 Vchiltrie,
844 1754 938 1783 Luch-

245 1818 315 1850 tyre,
332 1811 436 1847 Dauid,
454 1812 520 1839 114.

298 1863 446 1893 Galfridus
460 1861 618 1900 prepositus
632 1861 676 1896 de,
694 1862 738 1888 15.

299 1914 436 1944 Gamelus
450 1918 550 1943 tenens
564 1913 608 1949 de,
623 1914 668 1941 14.

206 1984 284 1989 ——
299 1967 420 2004 George,
435 1966 465 1994 in
480 1965 586 2002 Gogar,
605 1966 670 2000 129,
689 1964 754 1992 130.

205 2037 284 2042 ---
298 2020 318 2049 J
321 2019 433 2055 acobus,
462 2027 536 2046 vnus
564 2016 757 2046 seriandorum
785 2014 870 2051 burgi
904 2014 938 2042 de

246 2070 422 2106 Edinburch,
441 2071 506 2098 149.

205 2141 284 2146 -—
297 2123 421 2159 Johnne,
438 2123 467 2151 in
483 2122 589 2159 Gogar,
607 2122 672 2157 129,
691 2121 755 2156 130,
774 2120 838 2148 136.

299 2175 369 2204 villa
383 2179 412 2204 et
426 2179 498 2203 terre
513 2174 556 2209 de,
575 2175 620 2209 14,
636 2174 683 2209 49,
700 2173 746 2208 83,
765 2172 830 2200 102.

206 2228 321 2266 Ogiluy,
329 2227 444 2265 Ogilvy,
451 2226 471 2255 J
474 2226 586 2262 acobus,
594 2225 937 2262 magisterrequestarum,

246 2281 314 2309 290.

205 2348 284 2354 ——-
298 2330 444 2360 Walterus
462 2329 505 2365 de,
522 2328 610 2364 miles,
627 2327 818 2358 thesaurarius
833 2326 938 2363 Scocie,

247 2384 314 2419 295,
330 2383 398 2411 297.

207 2435 325 2471 Olifard,
337 2434 463 2472 Olyfard,
476 2433 605 2462 dominus
615 2431 720 2466 Dauid,
733 2433 760 2466 4,
773 2431 820 2467 39,
832 2431 879 2466 49,
891 2430 938 2458 50.

1661 304 1732 340 363

996 405 1115 441 Olifard,
1134 404 1264 433 dominus
1284 403 1439 439 Walterus,
1463 402 1633 432 iusticiarius
1654 403 1728 431 Lau-

1035 457 1127 493 donie,
1146 458 1191 493 11,
1207 458 1254 492 27,
1271 457 1322 485 39.

996 509 1102 545 Oliuer,
1118 508 1273 545 (Iohannes,
1289 508 1446 546 prepositus
1459 507 1494 536 de
1510 508 1653 545 Berwyco,
1668 508 1716 535 32.

996 562 1096 600 Operis
1117 561 1242 599 Regalis,
1258 561 1415 599 capellania
1436 570 1484 589 seu
1506 560 1656 598 prebenda,
1672 561 1729 589 vide

1034 614 1187 651 Lestalrig.

996 665 1074 703 Opus
1088 665 1206 703 Regale,
1222 666 1279 694 vide
1293 665 1387 694 Leith.

996 717 1115 746 Oroadie
1130 721 1159 745 ct
1174 717 1323 752 Cathanie,
1339 716 1501 744 Willelmus
1521 725 1622 751 comes,
1638 715 1726 744 (lomi-

1035 778 1088 797 nus
1102 768 1136 796 (18
1158 768 1263 796 Sancto
1285 768 1376 804 Claro,
1392 767 1578 796 cancellarius
1598 772 1627 796 et
1648 768 1726 795 iusti-

1035 820 1137 849 ciarius
1150 829 1271 857 magnus
1287 819 1392 855 Scocie,
1409 820 1475 847 328.

1089 871 1223 899 Marioria
1255 871 1421 900 Suthirland
1455 870 1558 899 coniux
1590 870 1726 899 willelmi

1034 923 1153 959 comitis,
1169 923 1236 952 328.

996 975 1080 1011 Orde,
1096 976 1153 1003 vide
1168 975 1324 1012 Kirkgurd.

995 1027 1117 1063 OrdiniS,
1135 1028 1200 1056 180.

995 1080 1125 1116 Orewell,
1142 1079 1277 1117 magister
1292 1079 1430 1107 Ricardus
1443 1078 1486 1114 de,
1505 1079 1549 1107 15.

996 1131 1174 1167 Ormestoun‚
1199 1131 1394 1166 Ormestoune,
1418 1129 1589 1165 Ormistoun,
1613 1129 1726 1167 Ormys-

1035 1187 1113 1220 toun,
1129 1183 1260 1211 dominus
1274 1182 1389 1210 Alanus
1402 1181 1446 1218 de,
1461 1181 1551 1217 miles,
1567 1183 1614 1217 28,
1631 1182 1677 1210 29.

1088 1234 1207 1263 ecclesia
1230 1234 1327 1263 Sancti
1353 1233 1451 1271 Egidii
1475 1233 1518 1269 de,
1543 1235 1588 1269 15,
1612 1234 1657 1269 16,
1680 1235 1726 1268 48,

1035 1288 1083 1322 67,
1101 1287 1165 1322 159,
1183 1288 1249 1322 163,
1266 1287 1331 1321 167,
1348 1287 1414 1322 252,
1431 1286 1498 1313 255.

998 1354 1073 1359 ——
1088 1338 1211 1375 Egidius
1224 1337 1355 1366 dominus
1367 1337 1410 1373 de,
1427 1338 1474 1366 43.

1088 1389 1266 1428 prebendarii
1291 1389 1334 1424 de,
1359 1390 1406 1425 67,
1434 1390 1500 1417 167.
1547 1389 1615 1417 Vide
1641 1388 1726 1417 etiam

1035 1441 1183 1477 Ballintin,
1198 1441 1398 1469 Mandersoun.

996 1494 1163 1531 Ospertoun,
1180 1492 1250 1522 villa
1265 1493 1307 1527 de,
1324 1493 1391 1528 307,
1408 1493 1475 1521 308.
1536 1516 1542 1522 ,

995 1545 1104 1581 Ostian,
1122 1545 1247 1581 Ostiane,
1265 1545 1373 1580 Ostien,
1393 1544 1523 1573 dominus
1545 1544 1648 1579 Dauid,
1665 1554 1724 1582 pre-

1034 1597 1194 1633 bendarius,
1219 1598 1284 1633 158,
1309 1597 1374 1633 160,
1399 1597 1464 1632 161,
1489 1598 1554 1632 164,
1573 1597 1636 1631 165,
1655 1597 1724 1624 167-

1036 1651 1102 1686 169,
1120 1651 1186 1678 175.

996 1702 1067 1738 Otir,
1085 1702 1241 1737 Johannes,
1257 1702 1304 1729 32.

996 1753 1177 1789 Otterburne,
1215 1752 1373 1787 Ottirburn,
1411 1752 1544 1789 magister
1579 1751 1723 1786 Nicolaus,

1033 1804 1160 1834 officialis
1172 1803 1372 1833 Sanctiandree
1384 1803 1457 1831 infra
1467 1807 1561 1841 partes
1570 1803 1724 1838 Laudonie,

1033 1856 1200 1885 secretarius
1214 1856 1297 1892 regis,
1312 1856 1379 1891 303,
1395 1856 1462 1884 311.
1497 1869 1503 1883 ι

995 1908 1208 1946 Ouchtarogall,
1224 1909 1281 1935 vide
1295 1907 1472 1944 Vtherogall.

994 1961 1129 1997 Ouchtre,
1144 1961 1202 1988 vide
1216 1959 1362 1989 Ochiltrie.

994 2013 1054 2042 Our
1068 2012 1149 2049 Lady
1164 2012 1246 2048 altar,
1262 2013 1319 2040 vide
1334 2011 1437 2040 Sancte
1451 2020 1500 2039 seu
1516 2010 1706 2039 sanctissime.

995 2066 1055 2094 Our
1068 2064 1150 2101 Lady
1165 2063 1282 2101 Chapel,
1301 2064 1365 2091 196.

995 2116 1055 2145 Our
1070 2116 1150 2153 Lady
1166 2115 1217 2151 Ile,
1232 2116 1291 2143 vide
1306 2114 1409 2143 Sancte
1424 2123 1475 2142 seu
1489 2113 1679 2142 Sanctissime.

995 2170 1055 2197 Our
1069 2167 1159 2204 Lady,
1175 2176 1277 2204 ymage
1295 2166 1330 2202 of,
1346 2167 1402 2194 vide
1418 2165 1520 2194 Sancte
1535 2174 1583 2193 seu
1599 2164 1722 2194 Sanctis-

1033 2220 1112 2249 sime.

994 2272 1080 2308 Pade,
1097 2271 1159 2300 vide
1173 2270 1260 2308 Pedy.

995 2324 1140 2358 Paistoun,
1157 2323 1292 2358 Pastoun,
1306 2321 1460 2358 Paystoun‚
1478 2320 1587 2357 Helyas
1600 2320 1643 2356 de,
1657 2321 1704 2348 20.

1087 2375 1211 2404 Michael
1225 2375 1268 2410 de,
1285 2375 1312 2409 5,
1327 2374 1354 2409 8,
1372 2374 1417 2409 19,
1434 2373 1481 2402 49.

1086 2426 1254 2465 Radulphus
1267 2425 1431 2464 capellanus
1444 2424 1488 2461 de,
1505 2425 1531 2453 5.
