<?xml version="1.0" encoding="UTF-8"?>
<!DOCTYPE html PUBLIC "-//W3C//DTD XHTML 1.0 Transitional//EN"
    "http://www.w3.org/TR/xhtml1/DTD/xhtml1-transitional.dtd">
<html xmlns="http://www.w3.org/1999/xhtml" xml:lang="en" lang="en">
 <head>
  <title>
</title>
<meta http-equiv="Content-Type" content="text/html;charset=utf-8" />
  <meta name='ocr-system' content='tesseract 3.04.00' />
  <meta name='ocr-capabilities' content='ocr_page ocr_carea ocr_par ocr_line ocrx_word'/>
</head>
<body>
  <div class='ocr_page' id='page_1' title='image "./registrumdomusde00lain_0158.png"; bbox 0 0 2147 2964; ppageno 0'>
   <div class='ocr_carea' id='block_1_1' title="bbox 325 304 1270 343">
    <p class='ocr_par' dir='ltr' id='par_1_1' title="bbox 325 304 1270 343">
     <span class='ocr_line' id='line_1_1' title="bbox 325 304 1270 343; baseline -0.002 0"><span class='ocrx_word' id='word_1_1' title='bbox 325 308 380 343; x_wconf 84' lang='lat' dir='ltr'><strong>civ</strong></span> <span class='ocrx_word' id='word_1_2' title='bbox 978 304 1270 342; x_wconf 88' lang='lat' dir='ltr'><strong>APPENDIX.</strong></span> 
     </span>
    </p>
   </div>
   <div class='ocr_carea' id='block_1_2' title="bbox 323 404 1901 503">
    <p class='ocr_par' dir='ltr' id='par_1_2' title="bbox 323 404 1901 503">
     <span class='ocr_line' id='line_1_2' title="bbox 326 404 1901 447; baseline -0.001 -10"><span class='ocrx_word' id='word_1_3' title='bbox 326 406 453 438; x_wconf 87' lang='lat' dir='ltr'><strong>Patrick</strong></span> <span class='ocrx_word' id='word_1_4' title='bbox 469 406 633 439; x_wconf 86' lang='lat' dir='ltr'><strong>Ohalmers</strong></span> <span class='ocrx_word' id='word_1_5' title='bbox 651 406 687 439; x_wconf 89' lang='lat' dir='ltr'><strong>of</strong></span> <span class='ocrx_word' id='word_1_6' title='bbox 699 405 828 447; x_wconf 87' lang='lat' dir='ltr'><strong>Aldbar,</strong></span> <span class='ocrx_word' id='word_1_7' title='bbox 853 405 939 447; x_wconf 90' lang='lat' dir='ltr'><strong>Esq.,</strong></span> <span class='ocrx_word' id='word_1_8' title='bbox 962 405 1044 437; x_wconf 90' lang='lat' dir='ltr'><strong>from</strong></span> <span class='ocrx_word' id='word_1_9' title='bbox 1066 405 1120 437; x_wconf 85' lang='lat' dir='ltr'><strong>the</strong></span> <span class='ocrx_word' id='word_1_10' title='bbox 1143 404 1341 446; x_wconf 80' lang='lat' dir='ltr'>manuscript</span> <span class='ocrx_word' id='word_1_11' title='bbox 1356 404 1494 437; x_wconf 82' lang='lat' dir='ltr'><strong>Vatican</strong></span> <span class='ocrx_word' id='word_1_12' title='bbox 1510 404 1699 437; x_wconf 85' lang='lat' dir='ltr'><strong>Collections</strong></span> <span class='ocrx_word' id='word_1_13' title='bbox 1722 415 1791 437; x_wconf 89' lang='lat' dir='ltr'><strong>now</strong></span> <span class='ocrx_word' id='word_1_14' title='bbox 1807 404 1901 446; x_wconf 86' lang='lat' dir='ltr'><strong>depo-</strong></span> 
     </span>
     <span class='ocr_line' id='line_1_3' title="bbox 323 459 1900 503; baseline -0.001 -10"><span class='ocrx_word' id='word_1_15' title='bbox 323 462 404 493; x_wconf 87' lang='lat' dir='ltr'><strong>sited</strong></span> <span class='ocrx_word' id='word_1_16' title='bbox 420 461 452 493; x_wconf 94' lang='lat' dir='ltr'><strong>in</strong></span> <span class='ocrx_word' id='word_1_17' title='bbox 467 462 521 494; x_wconf 88' lang='lat' dir='ltr'><strong>the</strong></span> <span class='ocrx_word' id='word_1_18' title='bbox 538 461 658 494; x_wconf 88' lang='lat' dir='ltr'><strong>British</strong></span> <span class='ocrx_word' id='word_1_19' title='bbox 673 462 831 503; x_wconf 88' lang='lat' dir='ltr'><strong>Museum,</strong></span> <span class='ocrx_word' id='word_1_20' title='bbox 856 460 988 493; x_wconf 89' lang='lat' dir='ltr'><strong>entitled</strong></span> <span class='ocrx_word' id='word_1_21' title='bbox 1004 461 1022 477; x_wconf 76' lang='lat'><strong>‘⁵</strong></span> <span class='ocrx_word' id='word_1_22' title='bbox 1035 460 1237 493; x_wconf 90' lang='lat' dir='ltr'><strong>Munimenta</strong></span> <span class='ocrx_word' id='word_1_23' title='bbox 1252 459 1438 492; x_wconf 86' lang='lat' dir='ltr'><strong>Britannica</strong></span> <span class='ocrx_word' id='word_1_24' title='bbox 1452 470 1492 492; x_wconf 88' lang='lat' dir='ltr'><strong>ex</strong></span> <span class='ocrx_word' id='word_1_25' title='bbox 1506 460 1725 502; x_wconf 84' lang='lat' dir='ltr'><strong>Autographis</strong></span> <span class='ocrx_word' id='word_1_26' title='bbox 1741 460 1900 492; x_wconf 86' lang='lat' dir='ltr'><strong>Romano-</strong></span> 
     </span>
    </p>
   </div>
   <div class='ocr_carea' id='block_1_3' title="bbox 324 515 1899 614">
    <p class='ocr_par' dir='ltr' id='par_1_3' title="bbox 324 515 1899 614">
     <span class='ocr_line' id='line_1_4' title="bbox 324 515 1899 559; baseline 0 -11"><span class='ocrx_word' id='word_1_27' title='bbox 324 528 394 548; x_wconf 86' lang='lat' dir='ltr'><strong>rum</strong></span> <span class='ocrx_word' id='word_1_28' title='bbox 418 517 611 550; x_wconf 90' lang='lat' dir='ltr'><strong>Pontificum</strong></span> <span class='ocrx_word' id='word_1_29' title='bbox 627 517 839 559; x_wconf 81' lang='lat' dir='ltr'><strong>deprompta,”</strong></span> <span class='ocrx_word' id='word_1_30' title='bbox 862 516 923 549; x_wconf 88' lang='lat' dir='ltr'><strong>vol.</strong></span> <span class='ocrx_word' id='word_1_31' title='bbox 947 515 1054 548; x_wconf 88' lang='lat' dir='ltr'><strong>xxxiv.</strong></span> <span class='ocrx_word' id='word_1_32' title='bbox 1080 527 1107 558; x_wconf 91' lang='lat' dir='ltr'><strong>p.</strong></span> <span class='ocrx_word' id='word_1_33' title='bbox 1134 516 1328 558; x_wconf 79' lang='lat' dir='ltr'>266—(MS.</span> <span class='ocrx_word' id='word_1_34' title='bbox 1358 516 1477 549; x_wconf 90' lang='lat' dir='ltr'><strong>British</strong></span> <span class='ocrx_word' id='word_1_35' title='bbox 1503 516 1660 557; x_wconf 86' lang='lat' dir='ltr'><strong>Museum,</strong></span> <span class='ocrx_word' id='word_1_36' title='bbox 1681 516 1779 548; x_wconf 83' lang='lat' dir='ltr'><strong>addit.</strong></span> <span class='ocrx_word' id='word_1_37' title='bbox 1808 515 1899 548; x_wconf 72' lang='lat' dir='ltr'><strong>MSS.</strong></span> 
     </span>
     <span class='ocr_line' id='line_1_5' title="bbox 328 572 859 614; baseline 0 -10"><span class='ocrx_word' id='word_1_38' title='bbox 328 573 528 613; x_wconf 78' lang='lat' dir='ltr'><strong>15‚351‚and</strong></span> <span class='ocrx_word' id='word_1_39' title='bbox 545 573 671 614; x_wconf 85' lang='lat' dir='ltr'><strong>15‚4oo‚</strong></span> <span class='ocrx_word' id='word_1_40' title='bbox 688 572 792 613; x_wconf 76' lang='lat' dir='ltr'><strong>Plut.)</strong></span> <span class='ocrx_word' id='word_1_41' title='bbox 807 581 859 604; x_wconf 83' lang='lat'><strong>:—</strong></span> 
     </span>
    </p>
   </div>
   <div class='ocr_carea' id='block_1_4' title="bbox 325 682 1917 2500">
    <p class='ocr_par' dir='ltr' id='par_1_4' title="bbox 325 682 1917 2500">
     <span class='ocr_line' id='line_1_6' title="bbox 368 682 1903 726; baseline 0 -12"><span class='ocrx_word' id='word_1_42' title='bbox 368 683 450 715; x_wconf 77' lang='lat' dir='ltr'><strong>Plus</strong></span> <span class='ocrx_word' id='word_1_43' title='bbox 465 683 610 715; x_wconf 85' lang='lat' dir='ltr'><strong>11.-Ad</strong></span> <span class='ocrx_word' id='word_1_44' title='bbox 622 683 764 715; x_wconf 84' lang='lat' dir='ltr'><strong>futuram</strong></span> <span class='ocrx_word' id='word_1_45' title='bbox 776 683 820 715; x_wconf 89' lang='lat' dir='ltr'><strong>rei</strong></span> <span class='ocrx_word' id='word_1_46' title='bbox 836 682 1029 715; x_wconf 85' lang='lat' dir='ltr'><strong>memoriam.</strong></span> <span class='ocrx_word' id='word_1_47' title='bbox 1076 682 1166 716; x_wconf 85' lang='lat' dir='ltr'><strong>Inter</strong></span> <span class='ocrx_word' id='word_1_48' title='bbox 1182 683 1373 726; x_wconf 81' lang='lat' dir='ltr'><strong>multiplices</strong></span> <span class='ocrx_word' id='word_1_49' title='bbox 1388 694 1478 716; x_wconf 87' lang='lat' dir='ltr'><strong>curas</strong></span> <span class='ocrx_word' id='word_1_50' title='bbox 1488 694 1566 725; x_wconf 88' lang='lat' dir='ltr'><strong>quas</strong></span> <span class='ocrx_word' id='word_1_51' title='bbox 1578 694 1597 715; x_wconf 89' lang='lat' dir='ltr'><strong>a</strong></span> <span class='ocrx_word' id='word_1_52' title='bbox 1612 683 1701 715; x_wconf 86' lang='lat' dir='ltr'><strong>nobis</strong></span> <span class='ocrx_word' id='word_1_53' title='bbox 1716 694 1755 715; x_wconf 83' lang='lat' dir='ltr'><strong>ex</strong></span> <span class='ocrx_word' id='word_1_54' title='bbox 1768 684 1903 724; x_wconf 90' lang='lat' dir='ltr'><strong>Aposto-</strong></span> 
     </span>
     <span class='ocr_line' id='line_1_7' title="bbox 325 737 1902 781; baseline -0.001 -11"><span class='ocrx_word' id='word_1_55' title='bbox 325 739 408 770; x_wconf 88' lang='lat' dir='ltr'><strong>latus</strong></span> <span class='ocrx_word' id='word_1_56' title='bbox 423 738 525 771; x_wconf 89' lang='lat' dir='ltr'><strong>officio</strong></span> <span class='ocrx_word' id='word_1_57' title='bbox 539 740 682 771; x_wconf 88' lang='lat' dir='ltr'><strong>censetur</strong></span> <span class='ocrx_word' id='word_1_58' title='bbox 705 738 886 771; x_wconf 84' lang='lat' dir='ltr'><strong>incumbere</strong></span> <span class='ocrx_word' id='word_1_59' title='bbox 909 738 980 770; x_wconf 84' lang='lat' dir='ltr'><strong>illas</strong></span> <span class='ocrx_word' id='word_1_60' title='bbox 1002 738 1136 771; x_wconf 77' lang='lat' dir='ltr'><strong>libenter</strong></span> <span class='ocrx_word' id='word_1_61' title='bbox 1157 739 1380 781; x_wconf 83' lang='lat' dir='ltr'><strong>amplectimur</strong></span> <span class='ocrx_word' id='word_1_62' title='bbox 1402 749 1457 781; x_wconf 88' lang='lat' dir='ltr'><strong>per</strong></span> <span class='ocrx_word' id='word_1_63' title='bbox 1472 749 1551 780; x_wconf 88' lang='lat' dir='ltr'><strong>quas</strong></span> <span class='ocrx_word' id='word_1_64' title='bbox 1566 738 1599 770; x_wconf 89' lang='lat' dir='ltr'><strong>in</strong></span> <span class='ocrx_word' id='word_1_65' title='bbox 1623 737 1759 770; x_wconf 87' lang='lat' dir='ltr'><strong>ecclesiis</strong></span> <span class='ocrx_word' id='word_1_66' title='bbox 1775 737 1902 780; x_wconf 86' lang='lat' dir='ltr'><strong>quibus-</strong></span> 
     </span>
     <span class='ocr_line' id='line_1_8' title="bbox 326 792 1901 836; baseline -0.001 -10"><span class='ocrx_word' id='word_1_67' title='bbox 326 795 403 827; x_wconf 86' lang='lat' dir='ltr'><strong>libet</strong></span> <span class='ocrx_word' id='word_1_68' title='bbox 419 794 528 827; x_wconf 87' lang='lat' dir='ltr'><strong>devote</strong></span> <span class='ocrx_word' id='word_1_69' title='bbox 543 794 751 826; x_wconf 82' lang='lat' dir='ltr'><strong>solicitudinis</strong></span> <span class='ocrx_word' id='word_1_70' title='bbox 766 793 871 826; x_wconf 87' lang='lat' dir='ltr'><strong>studio</strong></span> <span class='ocrx_word' id='word_1_71' title='bbox 883 793 1086 826; x_wconf 83' lang='lat' dir='ltr'><strong>benedicatur</strong></span> <span class='ocrx_word' id='word_1_72' title='bbox 1097 794 1282 827; x_wconf 89' lang='lat' dir='ltr'><strong>Altissimus</strong></span> <span class='ocrx_word' id='word_1_73' title='bbox 1297 805 1333 826; x_wconf 87' lang='lat' dir='ltr'><strong>ac</strong></span> <span class='ocrx_word' id='word_1_74' title='bbox 1348 794 1381 826; x_wconf 91' lang='lat' dir='ltr'><strong>in</strong></span> <span class='ocrx_word' id='word_1_75' title='bbox 1394 794 1603 836; x_wconf 86' lang='lat' dir='ltr'><strong>hospitalibus</strong></span> <span class='ocrx_word' id='word_1_76' title='bbox 1618 797 1650 825; x_wconf 90' lang='lat' dir='ltr'><strong>et</strong></span> <span class='ocrx_word' id='word_1_77' title='bbox 1665 793 1735 825; x_wconf 87' lang='lat' dir='ltr'><strong>aliis</strong></span> <span class='ocrx_word' id='word_1_78' title='bbox 1750 792 1811 835; x_wconf 87' lang='lat' dir='ltr'><strong>piis</strong></span> <span class='ocrx_word' id='word_1_79' title='bbox 1826 792 1901 824; x_wconf 89' lang='lat' dir='ltr'><strong>locis</strong></span> 
     </span>
     <span class='ocr_line' id='line_1_9' title="bbox 328 848 1903 892; baseline -0.001 -11"><span class='ocrx_word' id='word_1_80' title='bbox 328 860 502 892; x_wconf 88' lang='lat' dir='ltr'><strong>pauperum</strong></span> <span class='ocrx_word' id='word_1_81' title='bbox 511 852 543 882; x_wconf 86' lang='lat' dir='ltr'><strong>et</strong></span> <span class='ocrx_word' id='word_1_82' title='bbox 554 850 689 882; x_wconf 86' lang='lat' dir='ltr'><strong>aliarum</strong></span> <span class='ocrx_word' id='word_1_83' title='bbox 699 849 926 881; x_wconf 82' lang='lat' dir='ltr'><strong>miserabilium</strong></span> <span class='ocrx_word' id='word_1_84' title='bbox 939 860 1142 891; x_wconf 87' lang='lat' dir='ltr'><strong>personarum</strong></span> <span class='ocrx_word' id='word_1_85' title='bbox 1157 849 1394 882; x_wconf 81' lang='lat' dir='ltr'><strong>necessitatibus</strong></span> <span class='ocrx_word' id='word_1_86' title='bbox 1412 854 1596 882; x_wconf 87' lang='lat' dir='ltr'><strong>succuratur</strong></span> <span class='ocrx_word' id='word_1_87' title='bbox 1611 859 1668 881; x_wconf 89' lang='lat' dir='ltr'><strong>nec</strong></span> <span class='ocrx_word' id='word_1_88' title='bbox 1684 860 1748 880; x_wconf 93' lang='lat' dir='ltr'><strong>non</strong></span> <span class='ocrx_word' id='word_1_89' title='bbox 1764 848 1825 880; x_wconf 87' lang='lat' dir='ltr'><strong>hiis</strong></span> <span class='ocrx_word' id='word_1_90' title='bbox 1841 858 1903 890; x_wconf 87' lang='lat' dir='ltr'><strong>que</strong></span> 
     </span>
     <span class='ocr_line' id='line_1_10' title="bbox 328 903 1904 948; baseline -0.001 -11"><span class='ocrx_word' id='word_1_91' title='bbox 328 910 493 947; x_wconf 87' lang='lat' dir='ltr'><strong>propterea</strong></span> <span class='ocrx_word' id='word_1_92' title='bbox 512 905 693 947; x_wconf 79' lang='lat' dir='ltr'><strong>processisse</strong></span> <span class='ocrx_word' id='word_1_93' title='bbox 715 905 926 947; x_wconf 81' lang='lat' dir='ltr'><strong>comperimus</strong></span> <span class='ocrx_word' id='word_1_94' title='bbox 949 907 985 937; x_wconf 92' lang='lat' dir='ltr'><strong>ut</strong></span> <span class='ocrx_word' id='word_1_95' title='bbox 1007 909 1158 948; x_wconf 87' lang='lat' dir='ltr'><strong>perpetuo</strong></span> <span class='ocrx_word' id='word_1_96' title='bbox 1180 905 1303 937; x_wconf 88' lang='lat' dir='ltr'><strong>illibata</strong></span> <span class='ocrx_word' id='word_1_97' title='bbox 1324 905 1494 947; x_wconf 80' lang='lat' dir='ltr'><strong>persistant</strong></span> <span class='ocrx_word' id='word_1_98' title='bbox 1516 904 1693 946; x_wconf 84' lang='lat' dir='ltr'><strong>Apostolici</strong></span> <span class='ocrx_word' id='word_1_99' title='bbox 1717 903 1904 936; x_wconf 87' lang='lat' dir='ltr'><strong>muniminis</strong></span> 
     </span>
     <span class='ocr_line' id='line_1_11' title="bbox 328 960 1905 1003; baseline -0.001 -11"><span class='ocrx_word' id='word_1_100' title='bbox 328 961 496 1002; x_wconf 77' lang='lat' dir='ltr'><strong>adjicimus</strong></span> <span class='ocrx_word' id='word_1_101' title='bbox 507 961 692 992; x_wconf 88' lang='lat' dir='ltr'><strong>firmitatem</strong></span> <span class='ocrx_word' id='word_1_102' title='bbox 716 961 798 993; x_wconf 88' lang='lat' dir='ltr'><strong>Sane</strong></span> <span class='ocrx_word' id='word_1_103' title='bbox 810 971 865 1002; x_wconf 89' lang='lat' dir='ltr'><strong>pro</strong></span> <span class='ocrx_word' id='word_1_104' title='bbox 877 962 966 1003; x_wconf 86' lang='lat' dir='ltr'><strong>parte</strong></span> <span class='ocrx_word' id='word_1_105' title='bbox 981 961 1094 993; x_wconf 87' lang='lat' dir='ltr'><strong>dilecte</strong></span> <span class='ocrx_word' id='word_1_106' title='bbox 1109 961 1141 992; x_wconf 86' lang='lat' dir='ltr'><strong>in</strong></span> <span class='ocrx_word' id='word_1_107' title='bbox 1152 961 1279 993; x_wconf 79' lang='lat' dir='ltr'><strong>Christo</strong></span> <span class='ocrx_word' id='word_1_108' title='bbox 1293 961 1356 993; x_wconf 86' lang='lat' dir='ltr'><strong>filie</strong></span> <span class='ocrx_word' id='word_1_109' title='bbox 1371 964 1476 993; x_wconf 88' lang='lat' dir='ltr'><strong>nostre</strong></span> <span class='ocrx_word' id='word_1_110' title='bbox 1486 961 1588 993; x_wconf 76' lang='lat' dir='ltr'><strong>Mario</strong></span> <span class='ocrx_word' id='word_1_111' title='bbox 1601 960 1723 1002; x_wconf 86' lang='lat' dir='ltr'><strong>Regine</strong></span> <span class='ocrx_word' id='word_1_112' title='bbox 1740 960 1905 992; x_wconf 81' lang='lat' dir='ltr'><strong>Scotorum</strong></span> 
     </span>
     <span class='ocr_line' id='line_1_12' title="bbox 329 1014 1906 1058; baseline -0.001 -10"><span class='ocrx_word' id='word_1_113' title='bbox 329 1016 460 1049; x_wconf 86' lang='lat' dir='ltr'><strong>illustris</strong></span> <span class='ocrx_word' id='word_1_114' title='bbox 489 1016 580 1049; x_wconf 90' lang='lat' dir='ltr'><strong>nobis</strong></span> <span class='ocrx_word' id='word_1_115' title='bbox 610 1027 710 1058; x_wconf 91' lang='lat' dir='ltr'><strong>nuper</strong></span> <span class='ocrx_word' id='word_1_116' title='bbox 740 1015 883 1048; x_wconf 83' lang='lat' dir='ltr'><strong>exhibita</strong></span> <span class='ocrx_word' id='word_1_117' title='bbox 913 1016 1024 1058; x_wconf 86' lang='lat' dir='ltr'><strong>petitio</strong></span> <span class='ocrx_word' id='word_1_118' title='bbox 1064 1016 1246 1049; x_wconf 90' lang='lat' dir='ltr'><strong>continebat</strong></span> <span class='ocrx_word' id='word_1_119' title='bbox 1275 1016 1360 1058; x_wconf 80' lang='lat' dir='ltr'><strong>quod.</strong></span> <span class='ocrx_word' id='word_1_120' title='bbox 1385 1016 1462 1048; x_wconf 89' lang='lat' dir='ltr'><strong>olim</strong></span> <span class='ocrx_word' id='word_1_121' title='bbox 1488 1016 1557 1058; x_wconf 85' lang='lat' dir='ltr'><strong>ipsa</strong></span> <span class='ocrx_word' id='word_1_122' title='bbox 1583 1016 1621 1047; x_wconf 88' lang='lat' dir='ltr'><strong>de</strong></span> <span class='ocrx_word' id='word_1_123' title='bbox 1648 1015 1775 1057; x_wconf 88' lang='lat' dir='ltr'><strong>propria</strong></span> <span class='ocrx_word' id='word_1_124' title='bbox 1804 1014 1906 1046; x_wconf 85' lang='lat' dir='ltr'><strong>salute</strong></span> 
     </span>
     <span class='ocr_line' id='line_1_13' title="bbox 330 1070 1905 1114; baseline -0.001 -11"><span class='ocrx_word' id='word_1_125' title='bbox 330 1071 504 1114; x_wconf 82' lang='lat' dir='ltr'><strong>recogitans</strong></span> <span class='ocrx_word' id='word_1_126' title='bbox 519 1076 550 1104; x_wconf 85' lang='lat' dir='ltr'><strong>et</strong></span> <span class='ocrx_word' id='word_1_127' title='bbox 565 1071 606 1103; x_wconf 87' lang='lat' dir='ltr'><strong>ad</strong></span> <span class='ocrx_word' id='word_1_128' title='bbox 621 1071 761 1104; x_wconf 83' lang='lat' dir='ltr'><strong>caritatis</strong></span> <span class='ocrx_word' id='word_1_129' title='bbox 775 1082 868 1113; x_wconf 89' lang='lat' dir='ltr'><strong>opera</strong></span> <span class='ocrx_word' id='word_1_130' title='bbox 883 1071 1023 1104; x_wconf 78' lang='lat' dir='ltr'><strong>maxime</strong></span> <span class='ocrx_word' id='word_1_131' title='bbox 1038 1072 1121 1105; x_wconf 86' lang='lat' dir='ltr'><strong>circa</strong></span> <span class='ocrx_word' id='word_1_132' title='bbox 1133 1082 1246 1114; x_wconf 86' lang='lat' dir='ltr'><strong>egenos</strong></span> <span class='ocrx_word' id='word_1_133' title='bbox 1261 1074 1293 1104; x_wconf 88' lang='lat' dir='ltr'><strong>et</strong></span> <span class='ocrx_word' id='word_1_134' title='bbox 1309 1082 1460 1114; x_wconf 81' lang='lat' dir='ltr'><strong>pauperes</strong></span> <span class='ocrx_word' id='word_1_135' title='bbox 1476 1082 1589 1103; x_wconf 88' lang='lat' dir='ltr'><strong>manus</strong></span> <span class='ocrx_word' id='word_1_136' title='bbox 1607 1071 1702 1113; x_wconf 86' lang='lat' dir='ltr'><strong>juxta</strong></span> <span class='ocrx_word' id='word_1_137' title='bbox 1724 1070 1905 1112; x_wconf 81' lang='lat' dir='ltr'><strong>evangelica</strong></span> 
     </span>
     <span class='ocr_line' id='line_1_14' title="bbox 330 1126 1906 1168; baseline -0.001 -9"><span class='ocrx_word' id='word_1_138' title='bbox 330 1127 519 1159; x_wconf 89' lang='lat' dir='ltr'><strong>documenta</strong></span> <span class='ocrx_word' id='word_1_139' title='bbox 528 1126 702 1159; x_wconf 85' lang='lat' dir='ltr'><strong>extendens</strong></span> <span class='ocrx_word' id='word_1_140' title='bbox 713 1127 791 1159; x_wconf 88' lang='lat' dir='ltr'><strong>dum</strong></span> <span class='ocrx_word' id='word_1_141' title='bbox 803 1126 906 1158; x_wconf 85' lang='lat' dir='ltr'><strong>adhuc</strong></span> <span class='ocrx_word' id='word_1_142' title='bbox 918 1127 1000 1159; x_wconf 91' lang='lat' dir='ltr'><strong>clare</strong></span> <span class='ocrx_word' id='word_1_143' title='bbox 1015 1127 1167 1159; x_wconf 88' lang='lat' dir='ltr'><strong>memorie</strong></span> <span class='ocrx_word' id='word_1_144' title='bbox 1178 1127 1317 1159; x_wconf 78' lang='lat' dir='ltr'><strong>Jacobus</strong></span> <span class='ocrx_word' id='word_1_145' title='bbox 1333 1127 1378 1159; x_wconf 84' lang='lat'><strong>11.</strong></span> <span class='ocrx_word' id='word_1_146' title='bbox 1393 1127 1462 1159; x_wconf 82' lang='lat' dir='ltr'><strong>Rex</strong></span> <span class='ocrx_word' id='word_1_147' title='bbox 1479 1127 1643 1159; x_wconf 85' lang='lat' dir='ltr'><strong>Scotorum</strong></span> <span class='ocrx_word' id='word_1_148' title='bbox 1659 1126 1708 1158; x_wconf 85' lang='lat' dir='ltr'><strong>vir</strong></span> <span class='ocrx_word' id='word_1_149' title='bbox 1717 1126 1783 1168; x_wconf 85' lang='lat' dir='ltr'><strong>ejus</strong></span> <span class='ocrx_word' id='word_1_150' title='bbox 1799 1129 1906 1168; x_wconf 82' lang='lat' dir='ltr'><strong>ageret</strong></span> 
     </span>
     <span class='ocr_line' id='line_1_15' title="bbox 332 1181 1906 1224; baseline -0.001 -11"><span class='ocrx_word' id='word_1_151' title='bbox 332 1183 365 1214; x_wconf 86' lang='lat' dir='ltr'><strong>in</strong></span> <span class='ocrx_word' id='word_1_152' title='bbox 381 1182 530 1214; x_wconf 88' lang='lat' dir='ltr'><strong>humanis</strong></span> <span class='ocrx_word' id='word_1_153' title='bbox 545 1182 705 1224; x_wconf 82' lang='lat' dir='ltr'><strong>quoddam</strong></span> <span class='ocrx_word' id='word_1_154' title='bbox 721 1181 886 1224; x_wconf 83' lang='lat' dir='ltr'><strong>Hospitale</strong></span> <span class='ocrx_word' id='word_1_155' title='bbox 900 1193 957 1223; x_wconf 90' lang='lat' dir='ltr'><strong>pro</strong></span> <span class='ocrx_word' id='word_1_156' title='bbox 972 1182 1168 1224; x_wconf 85' lang='lat' dir='ltr'><strong>susceptione</strong></span> <span class='ocrx_word' id='word_1_157' title='bbox 1190 1193 1367 1224; x_wconf 88' lang='lat' dir='ltr'><strong>pauperum</strong></span> <span class='ocrx_word' id='word_1_158' title='bbox 1382 1185 1413 1214; x_wconf 90' lang='lat' dir='ltr'><strong>et</strong></span> <span class='ocrx_word' id='word_1_159' title='bbox 1435 1193 1606 1224; x_wconf 80' lang='lat' dir='ltr'><strong>egenorum</strong></span> <span class='ocrx_word' id='word_1_160' title='bbox 1622 1181 1793 1214; x_wconf 84' lang='lat' dir='ltr'><strong>eorundem</strong></span> <span class='ocrx_word' id='word_1_161' title='bbox 1816 1184 1906 1213; x_wconf 82' lang='lat' dir='ltr'><strong>extra</strong></span> 
     </span>
     <span class='ocr_line' id='line_1_16' title="bbox 331 1236 1906 1279; baseline -0.001 -10"><span class='ocrx_word' id='word_1_162' title='bbox 331 1238 484 1279; x_wconf 83' lang='lat' dir='ltr'><strong>oppidum</strong></span> <span class='ocrx_word' id='word_1_163' title='bbox 500 1237 623 1279; x_wconf 86' lang='lat' dir='ltr'><strong>regium</strong></span> <span class='ocrx_word' id='word_1_164' title='bbox 638 1237 676 1268; x_wconf 90' lang='lat' dir='ltr'><strong>de</strong></span> <span class='ocrx_word' id='word_1_165' title='bbox 693 1236 882 1278; x_wconf 84' lang='lat' dir='ltr'><strong>Edinburgh</strong></span> <span class='ocrx_word' id='word_1_166' title='bbox 903 1237 1011 1269; x_wconf 83' lang='lat' dir='ltr'><strong>Sancti</strong></span> <span class='ocrx_word' id='word_1_167' title='bbox 1024 1237 1150 1269; x_wconf 89' lang='lat' dir='ltr'><strong>Andree</strong></span> <span class='ocrx_word' id='word_1_168' title='bbox 1170 1237 1300 1270; x_wconf 87' lang='lat' dir='ltr'><strong>diocesis</strong></span> <span class='ocrx_word' id='word_1_169' title='bbox 1316 1237 1455 1270; x_wconf 85' lang='lat' dir='ltr'><strong>construi</strong></span> <span class='ocrx_word' id='word_1_170' title='bbox 1471 1241 1503 1269; x_wconf 92' lang='lat' dir='ltr'><strong>et</strong></span> <span class='ocrx_word' id='word_1_171' title='bbox 1518 1237 1657 1269; x_wconf 85' lang='lat' dir='ltr'><strong>edificari</strong></span> <span class='ocrx_word' id='word_1_172' title='bbox 1673 1237 1746 1269; x_wconf 89' lang='lat' dir='ltr'><strong>fecit</strong></span> <span class='ocrx_word' id='word_1_173' title='bbox 1763 1237 1906 1279; x_wconf 87' lang='lat' dir='ltr'><strong>illudque</strong></span> 
     </span>
     <span class='ocr_line' id='line_1_17' title="bbox 332 1286 1906 1335; baseline -0.001 -10"><span class='ocrx_word' id='word_1_174' title='bbox 332 1293 453 1325; x_wconf 89' lang='lat' dir='ltr'><strong>dotavit</strong></span> <span class='ocrx_word' id='word_1_175' title='bbox 468 1297 500 1324; x_wconf 93' lang='lat' dir='ltr'><strong>et</strong></span> <span class='ocrx_word' id='word_1_176' title='bbox 522 1292 691 1324; x_wconf 78' lang='lat' dir='ltr'><strong>successive</strong></span> <span class='ocrx_word' id='word_1_177' title='bbox 714 1292 788 1324; x_wconf 88' lang='lat' dir='ltr'><strong>boni</strong></span> <span class='ocrx_word' id='word_1_178' title='bbox 810 1292 910 1333; x_wconf 89' lang='lat' dir='ltr'><strong>operis</strong></span> <span class='ocrx_word' id='word_1_179' title='bbox 924 1292 1064 1324; x_wconf 85' lang='lat' dir='ltr'><strong>fructum</strong></span> <span class='ocrx_word' id='word_1_180' title='bbox 1087 1286 1219 1334; x_wconf 87' lang='lat' dir='ltr'><strong>provida</strong></span> <span class='ocrx_word' id='word_1_181' title='bbox 1241 1293 1488 1325; x_wconf 85' lang='lat' dir='ltr'><strong>consideratione</strong></span> <span class='ocrx_word' id='word_1_182' title='bbox 1503 1293 1669 1324; x_wconf 83' lang='lat' dir='ltr'><strong>attendens</strong></span> <span class='ocrx_word' id='word_1_183' title='bbox 1684 1296 1716 1324; x_wconf 93' lang='lat' dir='ltr'><strong>et</strong></span> <span class='ocrx_word' id='word_1_184' title='bbox 1731 1293 1771 1324; x_wconf 86' lang='lat' dir='ltr'><strong>ad</strong></span> <span class='ocrx_word' id='word_1_185' title='bbox 1786 1293 1906 1335; x_wconf 82' lang='lat' dir='ltr'><strong>majora</strong></span> 
     </span>
     <span class='ocr_line' id='line_1_18' title="bbox 333 1347 1907 1391; baseline 0.001 -12"><span class='ocrx_word' id='word_1_186' title='bbox 333 1348 459 1389; x_wconf 88' lang='lat' dir='ltr'><strong>pietatis</strong></span> <span class='ocrx_word' id='word_1_187' title='bbox 471 1347 572 1379; x_wconf 88' lang='lat' dir='ltr'><strong>officia</strong></span> <span class='ocrx_word' id='word_1_188' title='bbox 582 1347 754 1379; x_wconf 85' lang='lat' dir='ltr'><strong>ferventius</strong></span> <span class='ocrx_word' id='word_1_189' title='bbox 769 1347 911 1388; x_wconf 86' lang='lat' dir='ltr'><strong>aspirans</strong></span> <span class='ocrx_word' id='word_1_190' title='bbox 922 1347 1017 1389; x_wconf 80' lang='lat' dir='ltr'><strong>juxta</strong></span> <span class='ocrx_word' id='word_1_191' title='bbox 1030 1347 1196 1389; x_wconf 83' lang='lat' dir='ltr'><strong>Hospitale</strong></span> <span class='ocrx_word' id='word_1_192' title='bbox 1212 1349 1389 1390; x_wconf 88' lang='lat' dir='ltr'><strong>predictum</strong></span> <span class='ocrx_word' id='word_1_193' title='bbox 1405 1349 1564 1391; x_wconf 87' lang='lat' dir='ltr'><strong>quandam</strong></span> <span class='ocrx_word' id='word_1_194' title='bbox 1577 1348 1735 1390; x_wconf 83' lang='lat' dir='ltr'><strong>insignem</strong></span> <span class='ocrx_word' id='word_1_195' title='bbox 1745 1348 1907 1380; x_wconf 86' lang='lat' dir='ltr'><strong>ecclesiam</strong></span> 
     </span>
     <span class='ocr_line' id='line_1_19' title="bbox 333 1402 1908 1446; baseline 0 -11"><span class='ocrx_word' id='word_1_196' title='bbox 333 1404 398 1435; x_wconf 85' lang='lat' dir='ltr'><strong>sive</strong></span> <span class='ocrx_word' id='word_1_197' title='bbox 419 1403 594 1445; x_wconf 83' lang='lat' dir='ltr'><strong>cappellam</strong></span> <span class='ocrx_word' id='word_1_198' title='bbox 617 1414 673 1445; x_wconf 89' lang='lat' dir='ltr'><strong>pro</strong></span> <span class='ocrx_word' id='word_1_199' title='bbox 697 1402 838 1444; x_wconf 85' lang='lat' dir='ltr'><strong>Collegio</strong></span> <span class='ocrx_word' id='word_1_200' title='bbox 860 1402 993 1435; x_wconf 86' lang='lat' dir='ltr'><strong>fundato</strong></span> <span class='ocrx_word' id='word_1_201' title='bbox 1016 1403 1110 1435; x_wconf 91' lang='lat' dir='ltr'><strong>unius</strong></span> <span class='ocrx_word' id='word_1_202' title='bbox 1132 1404 1278 1436; x_wconf 89' lang='lat' dir='ltr'><strong>videlicet</strong></span> <span class='ocrx_word' id='word_1_203' title='bbox 1300 1404 1449 1446; x_wconf 86' lang='lat' dir='ltr'><strong>prepositi</strong></span> <span class='ocrx_word' id='word_1_204' title='bbox 1472 1407 1503 1436; x_wconf 91' lang='lat' dir='ltr'><strong>et</strong></span> <span class='ocrx_word' id='word_1_205' title='bbox 1529 1404 1635 1436; x_wconf 89' lang='lat' dir='ltr'><strong>decem</strong></span> <span class='ocrx_word' id='word_1_206' title='bbox 1659 1407 1715 1436; x_wconf 88' lang='lat' dir='ltr'><strong>aut</strong></span> <span class='ocrx_word' id='word_1_207' title='bbox 1741 1403 1908 1435; x_wconf 88' lang='lat' dir='ltr'><strong>duodecim</strong></span> 
     </span>
     <span class='ocr_line' id='line_1_20' title="bbox 334 1458 1909 1501; baseline 0 -11"><span class='ocrx_word' id='word_1_208' title='bbox 334 1460 584 1501; x_wconf 80' lang='lat' dir='ltr'><strong>presbyterorum</strong></span> <span class='ocrx_word' id='word_1_209' title='bbox 600 1463 632 1490; x_wconf 87' lang='lat' dir='ltr'><strong>et</strong></span> <span class='ocrx_word' id='word_1_210' title='bbox 646 1458 830 1491; x_wconf 86' lang='lat' dir='ltr'><strong>clericorum</strong></span> <span class='ocrx_word' id='word_1_211' title='bbox 846 1458 924 1490; x_wconf 91' lang='lat' dir='ltr'><strong>inibi</strong></span> <span class='ocrx_word' id='word_1_212' title='bbox 939 1458 1142 1500; x_wconf 84' lang='lat' dir='ltr'><strong>collegialiter</strong></span> <span class='ocrx_word' id='word_1_213' title='bbox 1157 1462 1188 1491; x_wconf 88' lang='lat' dir='ltr'><strong>et</strong></span> <span class='ocrx_word' id='word_1_214' title='bbox 1203 1462 1353 1501; x_wconf 88' lang='lat' dir='ltr'><strong>perpetuo</strong></span> <span class='ocrx_word' id='word_1_215' title='bbox 1371 1458 1538 1492; x_wconf 84' lang='lat' dir='ltr'><strong>Altissimo</strong></span> <span class='ocrx_word' id='word_1_216' title='bbox 1561 1460 1784 1492; x_wconf 81' lang='lat' dir='ltr'><strong>serviturorum</strong></span> <span class='ocrx_word' id='word_1_217' title='bbox 1808 1459 1909 1491; x_wconf 80' lang='lat' dir='ltr'><strong>erexit</strong></span> 
     </span>
     <span class='ocr_line' id='line_1_21' title="bbox 335 1514 1909 1557; baseline 0.001 -11"><span class='ocrx_word' id='word_1_218' title='bbox 335 1526 370 1546; x_wconf 87' lang='lat' dir='ltr'><strong>ac</strong></span> <span class='ocrx_word' id='word_1_219' title='bbox 383 1514 544 1546; x_wconf 88' lang='lat' dir='ltr'><strong>ecclesiam</strong></span> <span class='ocrx_word' id='word_1_220' title='bbox 557 1514 732 1556; x_wconf 79' lang='lat' dir='ltr'><strong>predictam</strong></span> <span class='ocrx_word' id='word_1_221' title='bbox 745 1514 915 1555; x_wconf 77' lang='lat' dir='ltr'><strong>magnifico</strong></span> <span class='ocrx_word' id='word_1_222' title='bbox 927 1517 959 1546; x_wconf 90' lang='lat' dir='ltr'><strong>et</strong></span> <span class='ocrx_word' id='word_1_223' title='bbox 975 1517 1159 1556; x_wconf 88' lang='lat' dir='ltr'><strong>sumptuoso</strong></span> <span class='ocrx_word' id='word_1_224' title='bbox 1171 1526 1262 1556; x_wconf 89' lang='lat' dir='ltr'><strong>opere</strong></span> <span class='ocrx_word' id='word_1_225' title='bbox 1274 1515 1472 1547; x_wconf 86' lang='lat' dir='ltr'><strong>continuavit</strong></span> <span class='ocrx_word' id='word_1_226' title='bbox 1484 1518 1515 1547; x_wconf 81' lang='lat' dir='ltr'><strong>et</strong></span> <span class='ocrx_word' id='word_1_227' title='bbox 1527 1516 1722 1557; x_wconf 84' lang='lat' dir='ltr'><strong>quamtotius</strong></span> <span class='ocrx_word' id='word_1_228' title='bbox 1733 1515 1788 1547; x_wconf 85' lang='lat' dir='ltr'><strong>illa</strong></span> <span class='ocrx_word' id='word_1_229' title='bbox 1800 1515 1909 1547; x_wconf 86' lang='lat' dir='ltr'><strong>divina</strong></span> 
     </span>
     <span class='ocr_line' id='line_1_22' title="bbox 336 1569 1909 1613; baseline 0.001 -12"><span class='ocrx_word' id='word_1_230' title='bbox 336 1572 519 1611; x_wconf 83' lang='lat' dir='ltr'><strong>cooperante</strong></span> <span class='ocrx_word' id='word_1_231' title='bbox 548 1569 652 1612; x_wconf 77' lang='lat' dir='ltr'><strong>gratia</strong></span> <span class='ocrx_word' id='word_1_232' title='bbox 679 1570 825 1612; x_wconf 85' lang='lat' dir='ltr'><strong>perficere</strong></span> <span class='ocrx_word' id='word_1_233' title='bbox 854 1570 992 1602; x_wconf 89' lang='lat' dir='ltr'><strong>intendit</strong></span> <span class='ocrx_word' id='word_1_234' title='bbox 1018 1581 1074 1603; x_wconf 91' lang='lat' dir='ltr'><strong>nec</strong></span> <span class='ocrx_word' id='word_1_235' title='bbox 1100 1581 1163 1602; x_wconf 90' lang='lat' dir='ltr'><strong>non</strong></span> <span class='ocrx_word' id='word_1_236' title='bbox 1188 1571 1349 1612; x_wconf 87' lang='lat' dir='ltr'><strong>quandam</strong></span> <span class='ocrx_word' id='word_1_237' title='bbox 1377 1571 1493 1603; x_wconf 86' lang='lat' dir='ltr'><strong>bonam</strong></span> <span class='ocrx_word' id='word_1_238' title='bbox 1523 1571 1685 1603; x_wconf 87' lang='lat' dir='ltr'><strong>baroniam</strong></span> <span class='ocrx_word' id='word_1_239' title='bbox 1711 1575 1806 1613; x_wconf 83' lang='lat' dir='ltr'><strong>atque</strong></span> <span class='ocrx_word' id='word_1_240' title='bbox 1831 1571 1909 1603; x_wconf 87' lang='lat' dir='ltr'><strong>alias</strong></span> 
     </span>
     <span class='ocr_line' id='line_1_23' title="bbox 337 1625 1909 1668; baseline 0.001 -12"><span class='ocrx_word' id='word_1_241' title='bbox 337 1625 540 1667; x_wconf 86' lang='lat' dir='ltr'><strong>possessiones</strong></span> <span class='ocrx_word' id='word_1_242' title='bbox 555 1635 665 1657; x_wconf 89' lang='lat' dir='ltr'><strong>census</strong></span> <span class='ocrx_word' id='word_1_243' title='bbox 683 1636 804 1657; x_wconf 87' lang='lat' dir='ltr'><strong>annuos</strong></span> <span class='ocrx_word' id='word_1_244' title='bbox 827 1625 967 1658; x_wconf 88' lang='lat' dir='ltr'><strong>redditus</strong></span> <span class='ocrx_word' id='word_1_245' title='bbox 989 1629 1020 1658; x_wconf 88' lang='lat' dir='ltr'><strong>et</strong></span> <span class='ocrx_word' id='word_1_246' title='bbox 1042 1626 1124 1658; x_wconf 90' lang='lat' dir='ltr'><strong>bona</strong></span> <span class='ocrx_word' id='word_1_247' title='bbox 1146 1637 1244 1668; x_wconf 82' lang='lat' dir='ltr'><strong>usque</strong></span> <span class='ocrx_word' id='word_1_248' title='bbox 1266 1627 1306 1658; x_wconf 83' lang='lat' dir='ltr'><strong>ad</strong></span> <span class='ocrx_word' id='word_1_249' title='bbox 1329 1637 1488 1658; x_wconf 84' lang='lat' dir='ltr'><strong>summam</strong></span> <span class='ocrx_word' id='word_1_250' title='bbox 1510 1630 1638 1658; x_wconf 90' lang='lat' dir='ltr'><strong>centum</strong></span> <span class='ocrx_word' id='word_1_251' title='bbox 1661 1637 1836 1659; x_wconf 86' lang='lat' dir='ltr'><strong>mercarum</strong></span> <span class='ocrx_word' id='word_1_252' title='bbox 1859 1626 1909 1659; x_wconf 83' lang='lat' dir='ltr'><strong>vel</strong></span> 
     </span>
     <span class='ocr_line' id='line_1_24' title="bbox 337 1680 1910 1724; baseline 0.001 -12"><span class='ocrx_word' id='word_1_253' title='bbox 337 1681 458 1713; x_wconf 83' lang='lat' dir='ltr'><strong>circiter</strong></span> <span class='ocrx_word' id='word_1_254' title='bbox 474 1681 507 1712; x_wconf 92' lang='lat' dir='ltr'><strong>in</strong></span> <span class='ocrx_word' id='word_1_255' title='bbox 523 1681 629 1713; x_wconf 83' lang='lat' dir='ltr'><strong>dotem</strong></span> <span class='ocrx_word' id='word_1_256' title='bbox 639 1681 741 1713; x_wconf 90' lang='lat' dir='ltr'><strong>eidem</strong></span> <span class='ocrx_word' id='word_1_257' title='bbox 751 1681 878 1713; x_wconf 87' lang='lat' dir='ltr'><strong>ecclesie</strong></span> <span class='ocrx_word' id='word_1_258' title='bbox 890 1680 1062 1723; x_wconf 83' lang='lat' dir='ltr'><strong>assignavit</strong></span> <span class='ocrx_word' id='word_1_259' title='bbox 1074 1685 1105 1713; x_wconf 90' lang='lat' dir='ltr'><strong>et</strong></span> <span class='ocrx_word' id='word_1_260' title='bbox 1116 1685 1274 1714; x_wconf 88' lang='lat' dir='ltr'><strong>annuente</strong></span> <span class='ocrx_word' id='word_1_261' title='bbox 1287 1682 1425 1714; x_wconf 88' lang='lat' dir='ltr'><strong>Domino</strong></span> <span class='ocrx_word' id='word_1_262' title='bbox 1440 1682 1542 1714; x_wconf 87' lang='lat' dir='ltr'><strong>multo</strong></span> <span class='ocrx_word' id='word_1_263' title='bbox 1551 1682 1688 1724; x_wconf 83' lang='lat' dir='ltr'><strong>amplius</strong></span> <span class='ocrx_word' id='word_1_264' title='bbox 1704 1682 1910 1724; x_wconf 86' lang='lat' dir='ltr'><strong>imposterum</strong></span> 
     </span>
     <span class='ocr_line' id='line_1_25' title="bbox 338 1736 1908 1779; baseline 0.001 -11"><span class='ocrx_word' id='word_1_265' title='bbox 338 1736 444 1768; x_wconf 87' lang='lat' dir='ltr'><strong>dotem</strong></span> <span class='ocrx_word' id='word_1_266' title='bbox 469 1736 572 1778; x_wconf 87' lang='lat' dir='ltr'><strong>ipsam</strong></span> <span class='ocrx_word' id='word_1_267' title='bbox 597 1736 748 1778; x_wconf 83' lang='lat' dir='ltr'><strong>ampliare</strong></span> <span class='ocrx_word' id='word_1_268' title='bbox 774 1736 911 1768; x_wconf 86' lang='lat' dir='ltr'><strong>intendit</strong></span> <span class='ocrx_word' id='word_1_269' title='bbox 956 1736 1039 1768; x_wconf 82' lang='lat' dir='ltr'><strong>Cum</strong></span> <span class='ocrx_word' id='word_1_270' title='bbox 1065 1739 1173 1769; x_wconf 89' lang='lat' dir='ltr'><strong>autem</strong></span> <span class='ocrx_word' id='word_1_271' title='bbox 1199 1737 1298 1770; x_wconf 85' lang='lat' dir='ltr'><strong>felicis</strong></span> <span class='ocrx_word' id='word_1_272' title='bbox 1327 1737 1549 1770; x_wconf 85' lang='lat' dir='ltr'><strong>recordationis</strong></span> <span class='ocrx_word' id='word_1_273' title='bbox 1575 1737 1726 1770; x_wconf 78' lang='lat' dir='ltr'><strong>Nicolaus</strong></span> <span class='ocrx_word' id='word_1_274' title='bbox 1756 1738 1846 1779; x_wconf 87' lang='lat' dir='ltr'><strong>Papa</strong></span> <span class='ocrx_word' id='word_1_275' title='bbox 1868 1737 1908 1769; x_wconf 86' lang='lat' dir='ltr'><strong>V.</strong></span> 
     </span>
     <span class='ocr_line' id='line_1_26' title="bbox 339 1791 1912 1835; baseline 0.001 -12"><span class='ocrx_word' id='word_1_276' title='bbox 339 1791 533 1833; x_wconf 85' lang='lat' dir='ltr'><strong>predecessor</strong></span> <span class='ocrx_word' id='word_1_277' title='bbox 555 1796 660 1824; x_wconf 84' lang='lat' dir='ltr'><strong>noster</strong></span> <span class='ocrx_word' id='word_1_278' title='bbox 682 1791 840 1833; x_wconf 89' lang='lat' dir='ltr'><strong>quoddam</strong></span> <span class='ocrx_word' id='word_1_279' title='bbox 864 1791 1029 1833; x_wconf 86' lang='lat' dir='ltr'><strong>Hospitale</strong></span> <span class='ocrx_word' id='word_1_280' title='bbox 1052 1803 1226 1835; x_wconf 87' lang='lat' dir='ltr'><strong>pauperum</strong></span> <span class='ocrx_word' id='word_1_281' title='bbox 1249 1793 1288 1825; x_wconf 87' lang='lat' dir='ltr'><strong>de</strong></span> <span class='ocrx_word' id='word_1_282' title='bbox 1310 1793 1411 1825; x_wconf 84' lang='lat' dir='ltr'><strong>Soltre</strong></span> <span class='ocrx_word' id='word_1_283' title='bbox 1433 1797 1653 1835; x_wconf 86' lang='lat' dir='ltr'><strong>nuncupatum</strong></span> <span class='ocrx_word' id='word_1_284' title='bbox 1676 1793 1759 1825; x_wconf 88' lang='lat' dir='ltr'><strong>dicte</strong></span> <span class='ocrx_word' id='word_1_285' title='bbox 1781 1792 1912 1825; x_wconf 87' lang='lat' dir='ltr'><strong>diocesis</strong></span> 
     </span>
     <span class='ocr_line' id='line_1_27' title="bbox 341 1847 1912 1891; baseline 0.001 -13"><span class='ocrx_word' id='word_1_286' title='bbox 341 1847 425 1888; x_wconf 90' lang='lat' dir='ltr'><strong>quod</strong></span> <span class='ocrx_word' id='word_1_287' title='bbox 447 1847 486 1879; x_wconf 90' lang='lat' dir='ltr'><strong>de</strong></span> <span class='ocrx_word' id='word_1_288' title='bbox 512 1847 584 1889; x_wconf 90' lang='lat' dir='ltr'><strong>jure</strong></span> <span class='ocrx_word' id='word_1_289' title='bbox 610 1850 795 1889; x_wconf 88' lang='lat' dir='ltr'><strong>patronatus</strong></span> <span class='ocrx_word' id='word_1_290' title='bbox 821 1847 917 1888; x_wconf 83' lang='lat' dir='ltr'><strong>Regis</strong></span> <span class='ocrx_word' id='word_1_291' title='bbox 943 1847 1108 1880; x_wconf 82' lang='lat' dir='ltr'><strong>Scotorum</strong></span> <span class='ocrx_word' id='word_1_292' title='bbox 1135 1859 1191 1890; x_wconf 89' lang='lat' dir='ltr'><strong>pro</strong></span> <span class='ocrx_word' id='word_1_293' title='bbox 1217 1852 1357 1891; x_wconf 89' lang='lat' dir='ltr'><strong>tempore</strong></span> <span class='ocrx_word' id='word_1_294' title='bbox 1384 1848 1547 1881; x_wconf 83' lang='lat' dir='ltr'><strong>existentis</strong></span> <span class='ocrx_word' id='word_1_295' title='bbox 1572 1848 1637 1880; x_wconf 87' lang='lat' dir='ltr'><strong>sore</strong></span> <span class='ocrx_word' id='word_1_296' title='bbox 1664 1848 1857 1890; x_wconf 83' lang='lat' dir='ltr'><strong>dignoscitur</strong></span> <span class='ocrx_word' id='word_1_297' title='bbox 1879 1852 1912 1880; x_wconf 87' lang='lat' dir='ltr'><strong>et</strong></span> 
     </span>
     <span class='ocr_line' id='line_1_28' title="bbox 342 1902 1913 1945; baseline 0.002 -12"><span class='ocrx_word' id='word_1_298' title='bbox 342 1902 475 1934; x_wconf 87' lang='lat' dir='ltr'><strong>deformi</strong></span> <span class='ocrx_word' id='word_1_299' title='bbox 490 1902 579 1935; x_wconf 86' lang='lat' dir='ltr'><strong>ruine</strong></span> <span class='ocrx_word' id='word_1_300' title='bbox 595 1902 776 1944; x_wconf 87' lang='lat' dir='ltr'><strong>subjacebat</strong></span> <span class='ocrx_word' id='word_1_301' title='bbox 791 1906 823 1934; x_wconf 90' lang='lat' dir='ltr'><strong>et</strong></span> <span class='ocrx_word' id='word_1_302' title='bbox 837 1902 870 1933; x_wconf 91' lang='lat' dir='ltr'><strong>in</strong></span> <span class='ocrx_word' id='word_1_303' title='bbox 886 1913 948 1944; x_wconf 91' lang='lat' dir='ltr'><strong>quo</strong></span> <span class='ocrx_word' id='word_1_304' title='bbox 971 1903 1059 1934; x_wconf 89' lang='lat' dir='ltr'><strong>nulla</strong></span> <span class='ocrx_word' id='word_1_305' title='bbox 1081 1903 1279 1945; x_wconf 82' lang='lat' dir='ltr'><strong>hospitalitas</strong></span> <span class='ocrx_word' id='word_1_306' title='bbox 1294 1904 1475 1936; x_wconf 85' lang='lat' dir='ltr'><strong>servabatur</strong></span> <span class='ocrx_word' id='word_1_307' title='bbox 1498 1904 1531 1936; x_wconf 90' lang='lat' dir='ltr'><strong>in</strong></span> <span class='ocrx_word' id='word_1_308' title='bbox 1553 1904 1771 1936; x_wconf 81' lang='lat' dir='ltr'><strong>cancellariam</strong></span> <span class='ocrx_word' id='word_1_309' title='bbox 1787 1904 1913 1936; x_wconf 87' lang='lat' dir='ltr'><strong>ecclesie</strong></span> 
     </span>
     <span class='ocr_line' id='line_1_29' title="bbox 343 1957 1913 2001; baseline 0.001 -12"><span class='ocrx_word' id='word_1_310' title='bbox 343 1958 450 1990; x_wconf 87' lang='lat' dir='ltr'><strong>Sancti</strong></span> <span class='ocrx_word' id='word_1_311' title='bbox 466 1958 591 1990; x_wconf 88' lang='lat' dir='ltr'><strong>Andree</strong></span> <span class='ocrx_word' id='word_1_312' title='bbox 607 1969 662 2000; x_wconf 89' lang='lat' dir='ltr'><strong>per</strong></span> <span class='ocrx_word' id='word_1_313' title='bbox 677 1959 829 2000; x_wconf 87' lang='lat' dir='ltr'><strong>quasdam</strong></span> <span class='ocrx_word' id='word_1_314' title='bbox 845 1968 916 1990; x_wconf 85' lang='lat' dir='ltr'><strong>suas</strong></span> <span class='ocrx_word' id='word_1_315' title='bbox 934 1957 1068 2000; x_wconf 89' lang='lat' dir='ltr'><strong>[literas]</strong></span> <span class='ocrx_word' id='word_1_316' title='bbox 1085 1958 1163 2000; x_wconf 85' lang='lat' dir='ltr'><strong>erigi</strong></span> <span class='ocrx_word' id='word_1_317' title='bbox 1182 1959 1320 2001; x_wconf 86' lang='lat' dir='ltr'><strong>precepit</strong></span> <span class='ocrx_word' id='word_1_318' title='bbox 1336 1963 1367 1991; x_wconf 90' lang='lat' dir='ltr'><strong>et</strong></span> <span class='ocrx_word' id='word_1_319' title='bbox 1383 1959 1496 1991; x_wconf 87' lang='lat' dir='ltr'><strong>deinde</strong></span> <span class='ocrx_word' id='word_1_320' title='bbox 1511 1970 1566 1991; x_wconf 91' lang='lat' dir='ltr'><strong>nos</strong></span> <span class='ocrx_word' id='word_1_321' title='bbox 1581 1970 1620 1991; x_wconf 88' lang='lat' dir='ltr'><strong>ex</strong></span> <span class='ocrx_word' id='word_1_322' title='bbox 1635 1959 1728 1991; x_wconf 86' lang='lat' dir='ltr'><strong>certis</strong></span> <span class='ocrx_word' id='word_1_323' title='bbox 1744 1959 1913 1991; x_wconf 86' lang='lat' dir='ltr'><strong>rationabi-</strong></span> 
     </span>
     <span class='ocr_line' id='line_1_30' title="bbox 344 2013 1914 2057; baseline 0.001 -12"><span class='ocrx_word' id='word_1_324' title='bbox 344 2013 426 2045; x_wconf 90' lang='lat' dir='ltr'><strong>libus</strong></span> <span class='ocrx_word' id='word_1_325' title='bbox 441 2014 542 2046; x_wconf 86' lang='lat' dir='ltr'><strong>causis</strong></span> <span class='ocrx_word' id='word_1_326' title='bbox 557 2018 634 2046; x_wconf 87' lang='lat' dir='ltr'><strong>tunc</strong></span> <span class='ocrx_word' id='word_1_327' title='bbox 649 2014 801 2056; x_wconf 85' lang='lat' dir='ltr'><strong>expressis</strong></span> <span class='ocrx_word' id='word_1_328' title='bbox 816 2014 982 2055; x_wconf 88' lang='lat' dir='ltr'><strong>Hospitale</strong></span> <span class='ocrx_word' id='word_1_329' title='bbox 997 2013 1172 2056; x_wconf 87' lang='lat' dir='ltr'><strong>predictum</strong></span> <span class='ocrx_word' id='word_1_330' title='bbox 1189 2015 1273 2057; x_wconf 89' lang='lat' dir='ltr'><strong>quod</strong></span> <span class='ocrx_word' id='word_1_331' title='bbox 1289 2015 1327 2047; x_wconf 88' lang='lat' dir='ltr'><strong>de</strong></span> <span class='ocrx_word' id='word_1_332' title='bbox 1338 2015 1409 2057; x_wconf 85' lang='lat' dir='ltr'><strong>jure</strong></span> <span class='ocrx_word' id='word_1_333' title='bbox 1425 2017 1609 2057; x_wconf 85' lang='lat' dir='ltr'><strong>patronatus</strong></span> <span class='ocrx_word' id='word_1_334' title='bbox 1624 2015 1737 2057; x_wconf 84' lang='lat' dir='ltr'><strong>prefati</strong></span> <span class='ocrx_word' id='word_1_335' title='bbox 1749 2015 1845 2057; x_wconf 83' lang='lat' dir='ltr'><strong>Regis</strong></span> <span class='ocrx_word' id='word_1_336' title='bbox 1859 2025 1914 2047; x_wconf 85' lang='lat' dir='ltr'><strong>ex-</strong></span> 
     </span>
     <span class='ocr_line' id='line_1_31' title="bbox 344 2067 1914 2112; baseline 0.002 -13"><span class='ocrx_word' id='word_1_337' title='bbox 344 2068 411 2100; x_wconf 88' lang='lat' dir='ltr'><strong>istit</strong></span> <span class='ocrx_word' id='word_1_338' title='bbox 422 2068 462 2100; x_wconf 86' lang='lat' dir='ltr'><strong>ad</strong></span> <span class='ocrx_word' id='word_1_339' title='bbox 474 2067 608 2101; x_wconf 88' lang='lat' dir='ltr'><strong>humiles</strong></span> <span class='ocrx_word' id='word_1_340' title='bbox 620 2069 863 2111; x_wconf 87' lang='lat' dir='ltr'><strong>supplicationes</strong></span> <span class='ocrx_word' id='word_1_341' title='bbox 876 2069 1025 2111; x_wconf 85' lang='lat' dir='ltr'><strong>[prefate]</strong></span> <span class='ocrx_word' id='word_1_342' title='bbox 1039 2070 1157 2111; x_wconf 87' lang='lat' dir='ltr'><strong>Regine</strong></span> <span class='ocrx_word' id='word_1_343' title='bbox 1173 2081 1265 2112; x_wconf 84' lang='lat' dir='ltr'><strong>super</strong></span> <span class='ocrx_word' id='word_1_344' title='bbox 1275 2071 1390 2103; x_wconf 86' lang='lat' dir='ltr'><strong>unione</strong></span> <span class='ocrx_word' id='word_1_345' title='bbox 1402 2074 1434 2103; x_wconf 90' lang='lat' dir='ltr'><strong>et</strong></span> <span class='ocrx_word' id='word_1_346' title='bbox 1445 2071 1597 2103; x_wconf 89' lang='lat' dir='ltr'><strong>erectione</strong></span> <span class='ocrx_word' id='word_1_347' title='bbox 1609 2070 1792 2102; x_wconf 88' lang='lat' dir='ltr'><strong>cancellarie</strong></span> <span class='ocrx_word' id='word_1_348' title='bbox 1804 2070 1858 2112; x_wconf 87' lang='lat' dir='ltr'><strong>huj</strong></span> <span class='ocrx_word' id='word_1_349' title='bbox 1864 2081 1914 2102; x_wconf 88' lang='lat' dir='ltr'><strong>us-</strong></span> 
     </span>
     <span class='ocr_line' id='line_1_32' title="bbox 346 2124 1916 2167; baseline 0 -11"><span class='ocrx_word' id='word_1_350' title='bbox 346 2125 432 2156; x_wconf 86' lang='lat' dir='ltr'><strong>modi</strong></span> <span class='ocrx_word' id='word_1_351' title='bbox 447 2135 527 2157; x_wconf 89' lang='lat' dir='ltr'><strong>novo</strong></span> <span class='ocrx_word' id='word_1_352' title='bbox 544 2125 702 2167; x_wconf 88' lang='lat' dir='ltr'><strong>Hospitali</strong></span> <span class='ocrx_word' id='word_1_353' title='bbox 725 2126 845 2167; x_wconf 84' lang='lat' dir='ltr'><strong>prefato</strong></span> <span class='ocrx_word' id='word_1_354' title='bbox 861 2136 917 2167; x_wconf 89' lang='lat' dir='ltr'><strong>per</strong></span> <span class='ocrx_word' id='word_1_355' title='bbox 932 2125 1010 2157; x_wconf 91' lang='lat' dir='ltr'><strong>alias</strong></span> <span class='ocrx_word' id='word_1_356' title='bbox 1025 2128 1146 2158; x_wconf 88' lang='lat' dir='ltr'><strong>nostras</strong></span> <span class='ocrx_word' id='word_1_357' title='bbox 1164 2125 1270 2158; x_wconf 88' lang='lat' dir='ltr'><strong>literas</strong></span> <span class='ocrx_word' id='word_1_358' title='bbox 1285 2126 1369 2157; x_wconf 90' lang='lat' dir='ltr'><strong>uniri</strong></span> <span class='ocrx_word' id='word_1_359' title='bbox 1390 2126 1611 2158; x_wconf 81' lang='lat' dir='ltr'><strong>mandavimus</strong></span> <span class='ocrx_word' id='word_1_360' title='bbox 1627 2127 1719 2167; x_wconf 90' lang='lat' dir='ltr'><strong>prout</strong></span> <span class='ocrx_word' id='word_1_361' title='bbox 1734 2125 1767 2156; x_wconf 88' lang='lat' dir='ltr'><strong>in</strong></span> <span class='ocrx_word' id='word_1_362' title='bbox 1783 2124 1916 2166; x_wconf 87' lang='lat' dir='ltr'><strong>singulis</strong></span> 
     </span>
     <span class='ocr_line' id='line_1_33' title="bbox 346 2179 1916 2223; baseline 0 -12"><span class='ocrx_word' id='word_1_363' title='bbox 346 2179 445 2211; x_wconf 85' lang='lat' dir='ltr'><strong>literis</strong></span> <span class='ocrx_word' id='word_1_364' title='bbox 456 2180 603 2222; x_wconf 85' lang='lat' dir='ltr'><strong>predictis</strong></span> <span class='ocrx_word' id='word_1_365' title='bbox 620 2192 656 2212; x_wconf 88' lang='lat' dir='ltr'><strong>ac</strong></span> <span class='ocrx_word' id='word_1_366' title='bbox 669 2191 760 2223; x_wconf 91' lang='lat' dir='ltr'><strong>super</strong></span> <span class='ocrx_word' id='word_1_367' title='bbox 772 2180 834 2212; x_wconf 91' lang='lat' dir='ltr'><strong>illis</strong></span> <span class='ocrx_word' id='word_1_368' title='bbox 846 2180 1010 2223; x_wconf 76' lang='lat' dir='ltr'><strong>descriptis</strong></span> <span class='ocrx_word' id='word_1_369' title='bbox 1021 2181 1214 2222; x_wconf 86' lang='lat' dir='ltr'><strong>processibus</strong></span> <span class='ocrx_word' id='word_1_370' title='bbox 1224 2181 1339 2213; x_wconf 90' lang='lat' dir='ltr'><strong>dicitur</strong></span> <span class='ocrx_word' id='word_1_371' title='bbox 1349 2181 1472 2223; x_wconf 87' lang='lat' dir='ltr'><strong>plenius</strong></span> <span class='ocrx_word' id='word_1_372' title='bbox 1485 2180 1636 2213; x_wconf 87' lang='lat' dir='ltr'><strong>contineri</strong></span> <span class='ocrx_word' id='word_1_373' title='bbox 1648 2181 1710 2212; x_wconf 90' lang='lat' dir='ltr'><strong>Pro</strong></span> <span class='ocrx_word' id='word_1_374' title='bbox 1722 2184 1810 2222; x_wconf 90' lang='lat' dir='ltr'><strong>parte</strong></span> <span class='ocrx_word' id='word_1_375' title='bbox 1822 2179 1916 2211; x_wconf 88' lang='lat' dir='ltr'><strong>caris-</strong></span> 
     </span>
     <span class='ocr_line' id='line_1_34' title="bbox 349 2235 1917 2278; baseline 0 -12"><span class='ocrx_word' id='word_1_376' title='bbox 349 2235 420 2266; x_wconf 88' lang='lat' dir='ltr'><strong>simi</strong></span> <span class='ocrx_word' id='word_1_377' title='bbox 436 2235 467 2266; x_wconf 92' lang='lat' dir='ltr'><strong>in</strong></span> <span class='ocrx_word' id='word_1_378' title='bbox 486 2235 610 2267; x_wconf 81' lang='lat' dir='ltr'><strong>Christo</strong></span> <span class='ocrx_word' id='word_1_379' title='bbox 626 2236 684 2267; x_wconf 86' lang='lat' dir='ltr'><strong>filii</strong></span> <span class='ocrx_word' id='word_1_380' title='bbox 704 2236 803 2268; x_wconf 85' lang='lat' dir='ltr'><strong>nostri</strong></span> <span class='ocrx_word' id='word_1_381' title='bbox 817 2235 930 2268; x_wconf 77' lang='lat' dir='ltr'><strong>Jacobi</strong></span> <span class='ocrx_word' id='word_1_382' title='bbox 951 2236 1094 2268; x_wconf 86' lang='lat' dir='ltr'><strong>moderni</strong></span> <span class='ocrx_word' id='word_1_383' title='bbox 1109 2236 1203 2278; x_wconf 84' lang='lat' dir='ltr'><strong>Regis</strong></span> <span class='ocrx_word' id='word_1_384' title='bbox 1219 2237 1383 2269; x_wconf 86' lang='lat' dir='ltr'><strong>Scotorum</strong></span> <span class='ocrx_word' id='word_1_385' title='bbox 1406 2237 1503 2278; x_wconf 86' lang='lat' dir='ltr'><strong>ipsius</strong></span> <span class='ocrx_word' id='word_1_386' title='bbox 1518 2236 1638 2278; x_wconf 82' lang='lat' dir='ltr'><strong>Regine</strong></span> <span class='ocrx_word' id='word_1_387' title='bbox 1660 2235 1865 2277; x_wconf 84' lang='lat' dir='ltr'><strong>primogeniti</strong></span> <span class='ocrx_word' id='word_1_388' title='bbox 1880 2245 1917 2267; x_wconf 90' lang='lat' dir='ltr'><strong>ac</strong></span> 
     </span>
     <span class='ocr_line' id='line_1_35' title="bbox 351 2289 1916 2334; baseline 0 -13"><span class='ocrx_word' id='word_1_389' title='bbox 351 2289 447 2321; x_wconf 86' lang='lat' dir='ltr'><strong>etiam</strong></span> <span class='ocrx_word' id='word_1_390' title='bbox 458 2290 576 2331; x_wconf 86' lang='lat' dir='ltr'><strong>prefate</strong></span> <span class='ocrx_word' id='word_1_391' title='bbox 589 2290 709 2332; x_wconf 86' lang='lat' dir='ltr'><strong>Regine</strong></span> <span class='ocrx_word' id='word_1_392' title='bbox 720 2291 810 2323; x_wconf 88' lang='lat' dir='ltr'><strong>nobis</strong></span> <span class='ocrx_word' id='word_1_393' title='bbox 825 2291 888 2323; x_wconf 83' lang='lat' dir='ltr'><strong>fuit</strong></span> <span class='ocrx_word' id='word_1_394' title='bbox 902 2291 1066 2324; x_wconf 89' lang='lat' dir='ltr'><strong>humiliter</strong></span> <span class='ocrx_word' id='word_1_395' title='bbox 1081 2291 1292 2334; x_wconf 86' lang='lat' dir='ltr'><strong>supplicatum</strong></span> <span class='ocrx_word' id='word_1_396' title='bbox 1305 2294 1342 2324; x_wconf 92' lang='lat' dir='ltr'><strong>ut</strong></span> <span class='ocrx_word' id='word_1_397' title='bbox 1352 2291 1533 2323; x_wconf 85' lang='lat' dir='ltr'><strong>fundationi</strong></span> <span class='ocrx_word' id='word_1_398' title='bbox 1544 2290 1696 2323; x_wconf 85' lang='lat' dir='ltr'><strong>dotationi</strong></span> <span class='ocrx_word' id='word_1_399' title='bbox 1712 2289 1916 2322; x_wconf 83' lang='lat' dir='ltr'><strong>annexationi</strong></span> 
     </span>
     <span class='ocr_line' id='line_1_36' title="bbox 352 2344 1916 2389; baseline 0.001 -14"><span class='ocrx_word' id='word_1_400' title='bbox 352 2349 384 2376; x_wconf 90' lang='lat' dir='ltr'><strong>et</strong></span> <span class='ocrx_word' id='word_1_401' title='bbox 399 2345 507 2376; x_wconf 86' lang='lat' dir='ltr'><strong>unioni</strong></span> <span class='ocrx_word' id='word_1_402' title='bbox 530 2346 678 2387; x_wconf 86' lang='lat' dir='ltr'><strong>predictis</strong></span> <span class='ocrx_word' id='word_1_403' title='bbox 699 2358 735 2379; x_wconf 87' lang='lat' dir='ltr'><strong>ac</strong></span> <span class='ocrx_word' id='word_1_404' title='bbox 758 2347 855 2379; x_wconf 84' lang='lat' dir='ltr'><strong>etiam</strong></span> <span class='ocrx_word' id='word_1_405' title='bbox 876 2347 993 2389; x_wconf 88' lang='lat' dir='ltr'><strong>capelle</strong></span> <span class='ocrx_word' id='word_1_406' title='bbox 1014 2347 1052 2380; x_wconf 90' lang='lat' dir='ltr'><strong>de</strong></span> <span class='ocrx_word' id='word_1_407' title='bbox 1069 2346 1301 2389; x_wconf 82' lang='lat' dir='ltr'><strong>Otheroga[ll]e</strong></span> <span class='ocrx_word' id='word_1_408' title='bbox 1316 2347 1399 2379; x_wconf 89' lang='lat' dir='ltr'><strong>dicte</strong></span> <span class='ocrx_word' id='word_1_409' title='bbox 1414 2345 1544 2378; x_wconf 90' lang='lat' dir='ltr'><strong>diocesis</strong></span> <span class='ocrx_word' id='word_1_410' title='bbox 1559 2356 1620 2387; x_wconf 91' lang='lat' dir='ltr'><strong>que</strong></span> <span class='ocrx_word' id='word_1_411' title='bbox 1635 2345 1779 2377; x_wconf 85' lang='lat' dir='ltr'><strong>similiter</strong></span> <span class='ocrx_word' id='word_1_412' title='bbox 1794 2345 1832 2376; x_wconf 86' lang='lat' dir='ltr'><strong>de</strong></span> <span class='ocrx_word' id='word_1_413' title='bbox 1843 2344 1916 2386; x_wconf 89' lang='lat' dir='ltr'><strong>jure</strong></span> 
     </span>
     <span class='ocr_line' id='line_1_37' title="bbox 353 2399 1917 2445; baseline -0.001 -14"><span class='ocrx_word' id='word_1_414' title='bbox 353 2402 536 2441; x_wconf 91' lang='lat' dir='ltr'><strong>patronatus</strong></span> <span class='ocrx_word' id='word_1_415' title='bbox 551 2402 663 2442; x_wconf 82' lang='lat' dir='ltr'><strong>prefati</strong></span> <span class='ocrx_word' id='word_1_416' title='bbox 680 2402 774 2444; x_wconf 84' lang='lat' dir='ltr'><strong>Regis</strong></span> <span class='ocrx_word' id='word_1_417' title='bbox 788 2402 897 2434; x_wconf 85' lang='lat' dir='ltr'><strong>existit</strong></span> <span class='ocrx_word' id='word_1_418' title='bbox 911 2405 943 2435; x_wconf 90' lang='lat' dir='ltr'><strong>et</strong></span> <span class='ocrx_word' id='word_1_419' title='bbox 958 2402 1047 2445; x_wconf 90' lang='lat' dir='ltr'><strong>cujus</strong></span> <span class='ocrx_word' id='word_1_420' title='bbox 1062 2413 1098 2435; x_wconf 88' lang='lat' dir='ltr'><strong>ac</strong></span> <span class='ocrx_word' id='word_1_421' title='bbox 1113 2403 1290 2444; x_wconf 87' lang='lat' dir='ltr'><strong>Hospitalis</strong></span> <span class='ocrx_word' id='word_1_422' title='bbox 1305 2403 1343 2434; x_wconf 88' lang='lat' dir='ltr'><strong>de</strong></span> <span class='ocrx_word' id='word_1_423' title='bbox 1359 2402 1461 2435; x_wconf 89' lang='lat' dir='ltr'><strong>Soltre</strong></span> <span class='ocrx_word' id='word_1_424' title='bbox 1481 2399 1612 2443; x_wconf 87' lang='lat' dir='ltr'><strong>predicti</strong></span> <span class='ocrx_word' id='word_1_425' title='bbox 1633 2400 1753 2432; x_wconf 88' lang='lat' dir='ltr'><strong>fructus</strong></span> <span class='ocrx_word' id='word_1_426' title='bbox 1776 2399 1917 2431; x_wconf 86' lang='lat' dir='ltr'><strong>redditus</strong></span> 
     </span>
     <span class='ocr_line' id='line_1_38' title="bbox 353 2454 1917 2500; baseline 0 -14"><span class='ocrx_word' id='word_1_427' title='bbox 353 2459 385 2487; x_wconf 88' lang='lat' dir='ltr'><strong>et</strong></span> <span class='ocrx_word' id='word_1_428' title='bbox 410 2460 581 2497; x_wconf 85' lang='lat' dir='ltr'><strong>proventus</strong></span> <span class='ocrx_word' id='word_1_429' title='bbox 610 2457 810 2499; x_wconf 82' lang='lat' dir='ltr'><strong>septuaginta</strong></span> <span class='ocrx_word' id='word_1_430' title='bbox 835 2457 988 2490; x_wconf 82' lang='lat' dir='ltr'><strong>librarum</strong></span> <span class='ocrx_word' id='word_1_431' title='bbox 1014 2458 1237 2500; x_wconf 86' lang='lat' dir='ltr'><strong>sterlingorum</strong></span> <span class='ocrx_word' id='word_1_432' title='bbox 1262 2457 1436 2490; x_wconf 89' lang='lat' dir='ltr'><strong>secundum</strong></span> <span class='ocrx_word' id='word_1_433' title='bbox 1461 2465 1660 2488; x_wconf 84' lang='lat' dir='ltr'><strong>communem</strong></span> <span class='ocrx_word' id='word_1_434' title='bbox 1684 2454 1917 2487; x_wconf 81' lang='lat' dir='ltr'><strong>estimationem</strong></span> 
     </span>
    </p>
   </div>
  </div>
 </body>
</html>
