2147 2964
111 991 168 1026 56.

746 287 936 325 DOMUS
961 287 1033 324 DE
1063 288 1276 326 SOLTRE.
1754 294 1796 326 51

377 386 593 422 auEmritate
620 386 800 435 imperiali
826 387 991 423 notarius
1018 400 1142 423 omnes
1169 388 1350 434 prediaas
1378 394 1497 424 cartas
1527 394 1562 424 et
1589 389 1799 425 euidencias

377 453 422 489 de
442 454 640 489 earundem
669 455 908 502 originalibus
930 455 1086 492 fideliter
1105 456 1249 503 copiaui
1277 462 1313 492 et
1340 457 1548 504 transcripsi
1569 465 1604 493 et
1623 458 1798 506 diligente

376 521 577 556 collacione
592 522 637 557 de
650 523 822 571 predi&is
841 523 951 559 cartis
970 530 1006 559 et
1025 524 1225 559 euidenciis
1245 537 1325 559 cum
1345 526 1542 561 earundem
1558 526 1798 574 originalibus

374 602 439 636 per
457 602 514 624 me
534 590 628 626 fafita
651 591 690 626 in
709 591 803 627 hanc
821 592 1006 639 publicam
1033 591 1186 626 formam
1211 592 1337 639 redegi
1365 593 1515 640 propria
1540 606 1651 629 manu
1676 594 1797 641 seripli

376 657 548 705 signoque
569 670 648 693 meo
668 659 772 695 solito
791 658 930 707 fignaui
948 665 1099 695 vocatus
1118 665 1154 695 et
1172 659 1366 706 requisitus
1394 661 1430 695 in
1458 660 1705 697 testimonium
1726 675 1799 698 om—

374 727 473 762 nium
490 726 753 774 premifl'orum.

227 873 496 910 Tenementum
516 875 561 910 de
581 874 739 910 Lauder.

230 980 425 1035 Omnibus
451 999 547 1034 hane
574 1005 713 1035 cartam
742 999 869 1034 visuris
898 999 956 1034 vel
982 998 1162 1034 audituris
1190 998 1397 1046 Stephanus
1422 999 1605 1048 Flemyng
1627 1000 1799 1048 magister

226 1067 411 1114 hospitalis
431 1068 475 1103 de
498 1067 617 1103 Soltre
643 1067 793 1102 salutem
823 1066 858 1102 in
877 1066 1041 1102 Domino
1068 1068 1324 1115 sempiternam
1345 1091 1351 1097 -
1375 1068 1508 1105 Sciatis
1527 1082 1594 1105 nos
1613 1082 1695 1105 cum
1715 1083 1798 1105 con-

225 1137 326 1172 sensu
344 1142 380 1172 et
399 1137 534 1172 assensu
553 1137 669 1173 tocius
689 1142 892 1172 conuentus
911 1136 1065 1172 fratrum
1084 1137 1290 1172 nostrorum
1310 1138 1395 1173 dicti
1415 1138 1601 1186 hospitalis
1617 1139 1661 1174 de
1679 1138 1799 1175 Soltre

226 1204 390 1241 assedaffe
418 1206 464 1240 ad
490 1205 731 1241 feodifirmam
758 1204 922 1240 dimififfe
950 1210 986 1240 et
1014 1204 1083 1240 hac
1112 1205 1270 1252 presenti
1299 1212 1402 1241 carta
1426 1206 1550 1242 nostra
1574 1207 1798 1242 confirmaffe

227 1272 364 1308 dileecis
380 1273 484 1308 nobis
499 1273 662 1308 Patricio
679 1273 724 1308 de
746 1271 862 1319 Spens
882 1279 918 1308 et
935 1272 1080 1307 Helene
1099 1273 1223 1320 sponse
1242 1274 1302 1309 sue
1323 1286 1365 1309 ae
1384 1275 1579 1310 heredibus
1599 1276 1798 1311 eorundem

229 1347 344 1376 totum
364 1347 400 1377 et
428 1341 609 1388 integrum
638 1347 887 1376 tenementum
914 1340 1075 1376 nostrum
1106 1354 1186 1376 cum
1215 1342 1453 1390 pertinenciis
1482 1343 1606 1379 iacens
1624 1344 1662 1379 in
1681 1345 1798 1392 burgo

187 1399 194 1405 ⁶
230 1410 274 1445 de
294 1409 471 1445 Lawader
490 1421 534 1444 ex
561 1414 664 1456 parte
690 1408 830 1444 boreali
858 1408 1016 1444 eiusdem
1041 1409 1138 1445 inter
1157 1415 1293 1448 terram
1312 1410 1478 1446 Wilelmi
1497 1412 1542 1447 de
1561 1411 1735 1448 Monilaw
1755 1425 1796 1448 ex

230 1484 333 1525 parte
352 1477 519 1513 orientali
545 1489 588 1512 ex
612 1483 716 1524 parte
736 1490 808 1512 vna
834 1483 870 1512 et
893 1482 1029 1512 terram
1048 1477 1230 1514 Johannis
1255 1478 1348 1514 Daw
1366 1479 1555 1526 burgensis
1579 1481 1624 1516 de
1644 1480 1798 1529 Hadyn-

230 1552 318 1581 toun
338 1559 381 1581 ex
400 1552 504 1593 parte
524 1545 743 1581 occidentali
768 1558 812 1581 ex
839 1553 943 1593 parte
969 1546 1086 1582 altera
1102 1567 1109 1573 ·
1129 1546 1350 1582 Tenendum
1374 1553 1410 1582 et
1433 1547 1641 1583 habendum
1662 1548 1796 1584 dietum

229 1620 478 1650 tenementum
497 1626 578 1649 eum
603 1613 840 1661 pertinenciis
860 1614 963 1649 dietis
983 1614 1145 1650 Patricio
1174 1621 1209 1650 et
1229 1615 1372 1650 Helene
1392 1628 1433 1651 ae
1453 1615 1648 1652 heredibus
1667 1629 1796 1653 eorun-

227 1684 310 1719 dem
338 1696 421 1719 eum
449 1683 616 1718 omnibus
644 1682 963 1718 commoditatibus
988 1683 1218 1718 libertatibus
1246 1683 1478 1731 ayfiamentis
1497 1697 1539 1719 ac
1562 1684 1663 1720 iustis
1686 1686 1796 1733 perti-

226 1752 366 1787 nenciis
392 1751 462 1785 suis
490 1751 764 1797 quibuscunque
792 1750 838 1785 ad
866 1750 1000 1785 dietum
1028 1756 1278 1786 tenementum
1306 1752 1550 1798 spefimntibus
1568 1753 1629 1788 seu
1648 1766 1795 1800 quomo-

224 1819 362 1855 dolibet
397 1820 557 1866 spe&are
593 1818 799 1854 valentibus
844 1818 880 1853 in
924 1819 1086 1854 futurum
1122 1826 1230 1866 prout
1270 1819 1366 1855 iacet
1409 1819 1447 1854 in
1492 1819 1723 1867 longitudine
1759 1829 1794 1857 et

224 1887 417 1923 latitudine
455 1887 493 1922 in
533 1887 640 1923 feodo
679 1892 715 1922 et
746 1886 951 1922 hereditate
986 1886 1256 1934 imperpetuum
1288 1887 1379 1922 adeo
1412 1888 1526 1923 libere
1562 1889 1684 1935 quiete
1719 1890 1794 1937 ple-

223 1956 326 1992 narie
355 1956 497 2003 integre
516 1961 553 1991 et
578 1954 779 1990 honorifice
807 1955 900 1989 bene
929 1960 965 1989 et
989 1954 1026 1989 in
1046 1967 1136 2002 pace
1156 1955 1245 1991 ficut
1268 1968 1333 1991 nos
1356 1956 1474 1991 dietus
1499 1955 1706 2004 Stephanus
1731 1965 1793 1993 aut

223 2023 353 2071 aliquis
384 2022 643 2059 antecessorum
677 2022 882 2057 nostrorum
915 2022 1010 2058 difito
1047 2028 1255 2059 tenemento
1287 2037 1368 2059 eum
1400 2024 1638 2072 pertinenciis
1670 2025 1791 2073 aliquo

223 2098 386 2140 tempore
404 2091 588 2127 retroaeto
607 2090 857 2138 gaudebamus
877 2089 949 2125 flue
967 2090 1231 2137 poffidebamus
1249 2111 1256 2120 ·
1274 2091 1478 2128 Reddendo
1497 2092 1582 2128 inde
1602 2094 1791 2129 annuatim

223 2160 309 2196 dieti
328 2159 511 2196 Patricius
530 2166 566 2195 et
586 2159 733 2194 Helena
753 2172 795 2194 ac
817 2158 969 2194 heredes
989 2160 1189 2195 eorundem
1208 2160 1311 2195 nobis
1330 2165 1365 2195 et
1385 2160 1640 2196 successoribus
1659 2161 1791 2196 nostris

223 2228 403 2276 magistris
427 2228 514 2264 dicti
543 2228 730 2275 hospitalis
759 2234 833 2263 tres
861 2227 993 2263 solidos
1012 2228 1142 2264 vsualis
1163 2234 1308 2264 monete
1330 2227 1458 2265 Seocie
1477 2229 1523 2264 ad
1542 2229 1632 2264 duos
1652 2229 1790 2265 vsuales

224 2297 311 2332 anni
330 2296 506 2332 terminos
525 2297 572 2332 ad
590 2296 680 2331 festa
700 2295 870 2331 videlicet
889 2295 1121 2332 Pentecostes
1149 2302 1185 2332 et
1213 2295 1336 2332 sanai
1355 2296 1510 2332 Martini
1536 2296 1573 2332 in
1597 2296 1729 2344 hyeme
1748 2311 1790 2333 ac

224 2365 371 2401 domino
405 2364 584 2413 superiori
613 2365 755 2400 firmam
791 2364 899 2412 burgi
934 2364 1018 2400 inde
1049 2363 1206 2399 debitam
1242 2370 1278 2400 et
1309 2365 1517 2400 consuetam
1550 2370 1690 2400 tantum
1723 2378 1789 2413 pro

224 2433 389 2469 omnibus
417 2433 498 2469 aliis
527 2433 690 2469 seruiciis
719 2432 941 2468 secularibus
971 2432 1229 2468 exaccionibus
1253 2438 1289 2468 et
1313 2433 1503 2469 demandis
1530 2446 1600 2480 que
1625 2434 1670 2469 de
1693 2434 1789 2471 dicto
