2147 2964
852 283 1035 320 INDEX.

175 381 351 418 Edinburch,
367 381 475 410 vinella
488 382 664 411 sanctissime
680 382 802 411 Domine
814 387 908 412 nostre

220 434 346 472 Virginis
357 435 448 463 Mar-ie
462 434 579 464 ecclesie
591 434 740 473 collegiate
754 435 788 464 de
801 434 908 473 Campo

212 487 251 522 in,
267 488 335 516 264.

172 538 310 576 Edisoun,
326 539 388 568 vide
402 538 593 568 Adamesoun.

171 591 361 629 Eglingtoun,
380 591 548 629 Egfintoun,
572 591 661 629 Hugo
682 601 775 621 comes
790 591 834 628 de,
856 592 904 621 ‹lo-

209 643 303 673 minus
318 644 352 672 de
367 644 575 681 Montgomery,
592 644 659 680 290,
676 645 744 674 331.

170 695 330 733 Eglisham,
355 695 486 724 dominus
512 695 675 724 Willelmus
696 696 739 731 de,
763 695 902 724 archidia-

208 757 295 776 conus
308 748 465 784 Laudonie,
482 749 530 783 42,
546 749 593 784 43,
610 749 658 776 47.

260 799 405 836 Mergreta
419 799 630 836 consanguinea
644 799 751 828 domini
762 799 902 828 Willelmi

205 851 248 887 de,
265 851 327 879 vide
341 850 482 888 Kynglas.

165 903 314 939 Elastoun,
330 903 393 932 vide
407 903 620 941 Elvynystoun.

165 955 262 992 Efflar,
279 955 376 992 Elder,
393 955 542 993 Georgius,
559 956 627 984 325.

256 1008 375 1036 Maister
389 1007 513 1044 Johnne,
529 1007 688 1046 prebendar
709 1007 766 1036 and
787 1007 858 1036 dene
872 1007 903 1036 of

200 1060 250 1089 the
272 1060 395 1089 Trinitie
417 1059 543 1097 College,
559 1059 616 1088 ancl
637 1069 691 1088 ane
715 1059 747 1088 of
765 1059 814 1088 the
836 1069 898 1098 per-

201 1113 278 1141 sonis
302 1112 358 1140 and
379 1112 483 1140 vicar-is
510 1112 542 1140 of
573 1111 662 1141 Sanct
687 1111 812 1149 Brigidis
833 1111 898 1140 kirk

201 1165 231 1193 in
245 1165 294 1193 the
305 1164 414 1193 Mernis
427 1163 655 1202 (vicecomitatus
666 1163 700 1192 de
714 1164 896 1202 Kincardin),

200 1216 249 1245 the
263 1216 412 1254 perrochin
427 1215 492 1243 kirk
507 1215 538 1244 of
556 1215 727 1250 Duunotter,
746 1216 812 1252 126,
831 1217 895 1251 131,

200 1269 268 1297 226.

160 1320 266 1357 Ellem,
282 1320 345 1348 vide
359 1319 464 1348 Allem.

160 1372 332 1409 Ebtistoun,
348 1372 410 1400 vide
424 1371 636 1409 Elvynystoun.

160 1424 362 1462 Elphinstoun,
380 1423 554 1460 Alexander,
571 1425 619 1451 71.

160 1476 372 1514 Elvynystoun,
390 1476 608 1513 Elwynystoun,
621 1474 771 1511 Elastoun,
788 1474 893 1503 Elotis-

198 1533 276 1565 toun,
292 1528 429 1565 Ilestoun,
446 1527 598 1565 Qwhytrig
612 1527 685 1556 infra
699 1531 892 1556 tenementum

199 1581 242 1617 de,
258 1582 307 1609 42.

250 1636 326 1661 terra
340 1632 369 1660 in
384 1631 486 1660 Buttes
498 1632 528 1660 in
542 1631 613 1660 villa
626 1630 670 1668 de,
688 1632 731 1659 10.

251 1684 330 1722 villa,
353 1688 557 1720 tenementum,
581 1693 630 1712 seu
654 1683 825 1712 territorium
847 1683 890 1719 de,

199 1739 244 1774 10,
263 1739 308 1773 11,
324 1738 371 1772 41,
388 1738 435 1771 42,
451 1736 499 1772 48,
516 1736 562 1772 50,
578 1736 625 1771 83,
645 1736 709 1770 101,
726 1736 790 1763 102.

158 1789 328 1828 Epiphanie,
343 1788 405 1816 vide
420 1787 545 1816 Domini.

157 1841 326 1878 Ercssdoun,
351 1840 526 1876 Erciltoune,
556 1843 748 1868 tenementum
772 1838 816 1875 de,
841 1839 888 1875 40,

197 1895 244 1930 49,
261 1894 309 1922 54.

156 1964 235 1969 —
249 1947 375 1976 Thomas
409 1946 443 1975 de
477 1944 634 1974 Ercildoun
670 1943 746 1972 filius
781 1943 889 1972 Thome

195 1999 322 2036 Rymour
340 1998 384 2034 (le,
400 1999 447 2034 40,
464 1999 511 2026 49.

249 2051 375 2079 Thomas
389 2050 516 2087 Rymour
529 2048 572 2085 de,
590 2049 637 2076 40.

155 2102 248 2140 Ergil,
277 2102 386 2139 Ergile.
415 2101 532 2138 Ergyle,
562 2099 670 2137 Arg-ile,
698 2098 889 2128 Archibaldus

195 2165 287 2185 comes
301 2155 345 2191 de,
362 2154 492 2183 dominus
508 2152 662 2190 Campbelc
683 2155 712 2181 et
724 2152 809 2187 Lorn,
829 2161 887 2180 ma-

195 2208 284 2245 gister
298 2206 426 2244 hospicii,
444 2208 490 2242 77,
508 2207 574 2234 325.

248 2258 366 2288 Colinus
380 2267 472 2286 comes
492 2257 535 2294 de,
551 2256 682 2286 dominus
697 2255 844 2294 Campbell
859 2259 888 2284 et

194 2312 280 2348 Lorn,
295 2311 363 2347 290,
380 2311 448 2339 331.

154 2364 295 2402 Erskyne,
325 2362 466 2400 Arskyne,
493 2361 514 2391 J
516 2370 592 2390 ames
626 2360 736 2390 Coluile
771 2360 802 2389 of
833 2360 887 2389 Est

194 2416 292 2445 Vemis
306 2425 341 2452 oy
356 2420 385 2444 to
400 2415 491 2443 Dame
506 2415 659 2452 Margaret,
677 2413 742 2441 120.

1633 290 1702 328 347

960 383 1102 420 Erskyne,
1119 383 1273 421 Margaret,
1290 384 1371 422 Lady
1387 384 1570 423 Lochlewyn,
1590 389 1653 415 120.

961 435 1044 471 Erth,
1061 441 1133 464 terre
1148 436 1191 472 de,
1209 437 1310 465 74-76.

959 488 1051 516 Essok
1067 488 1162 524 vidua,
1181 490 1226 516 10.

959 540 1020 576 Ew,
1038 540 1188 578 Philippus
1201 541 1245 577 de,
1261 543 1288 576 4,
1305 542 1332 577 5,
1349 543 1396 570 50.

1050 592 1178 629 Rogerus
1192 592 1236 628 de,
1253 594 1280 621 5.

1048 648 1121 673 terre
1142 645 1176 673 de
1191 644 1454 683 Philpdawystoun,
1478 647 1538 674 vide
1553 647 1688 685 Philpda-

995 700 1134 733 wystoun.

955 747 1048 784 Ewin,
1065 748 1195 777 dominus
1210 749 1342 785 Thomas,
1359 749 1530 787 capellanus,
1547 752 1614 780 263.

955 800 1082 836 Extoun,
1097 801 1233 837 magister
1254 800 1387 835 Thomas,
1404 801 1528 830 officialis
1550 803 1687 831 archidia-

993 852 1057 880 coni
1072 852 1226 888 Laudonie,
1243 854 1289 880 42.

952 1006 1054 1042 Faber,
1073 1006 1133 1035 vide
1148 1006 1366 1044 Swaynystoun.

952 1058 1067 1095 Fairlie,
1094 1058 1265 1095 Willelmus,
1292 1059 1439 1097 burgensis
1466 1059 1500 1088 dc
1525 1060 1682 1098 Striuiling.

993 1112 1058 1139 128.

950 1163 1110 1199 Falconair,
1128 1163 1232 1200 Dauid,
1249 1163 1342 1193 incola
1356 1163 1424 1192 ville
1438 1164 1472 1192 de
1489 1164 1583 1201 Letht,
1601 1167 1646 1193 94.

950 1215 1150 1252 Fassingtoun,
1186 1215 1398 1253 Fassyngtoun,
1435 1216 1582 1253 Ricardus,
1611 1227 1684 1245 vnus

987 1267 1159 1296 balliuorum
1187 1268 1270 1305 burgi
1292 1268 1554 1297 Vicicanonicorum
1581 1269 1683 1298 Sancte

989 1318 1088 1348 Crucis
1102 1329 1186 1357 prope
1200 1319 1380 1357 Edinburgh,
1398 1321 1464 1357 262,
1481 1322 1548 1349 263.

947 1371 1074 1399 Fasteris
1088 1371 1162 1407 evin,
1181 1371 1245 1399 108.

947 1423 1075 1460 Faulaw,
1092 1423 1228 1454 Fawlaw.
1244 1424 1337 1452 Adam
1352 1424 1395 1460 de,
1411 1425 1460 1453 26.

1039 1476 1169 1505 dominus
1184 1476 1399 1505 Bertholomeus
1412 1476 1455 1512 de,
1474 1477 1519 1513 18,
1540 1479 1583 1512 19,
1602 1480 1647 1506 23.

1039 1528 1155 1556 Samuel
1169 1528 1212 1564 de,
1232 1529 1276 1556 19.

945 1579 1061 1616 Fausid,
1077 1579 1218 1616 Fausyde,
1234 1579 1348 1608 Alanus
1362 1579 1404 1614 de,
1424 1581 1468 1608 11.

1037 1631 1168 1660 dominus
1183 1631 1279 1660 Dauid
1293 1631 1336 1668 de,
1353 1633 1399 1660 21.

947 1699 1021 1706 —
1036 1683 1207 1720 Willelmus,
1224 1685 1270 1712 86.

943 1734 1133 1772 Fawlawhill,
1149 1735 1220 1764 villa
1234 1735 1277 1772 de,
1294 1737 1340 1765 65.

942 1787 1083 1823 Fentoun,
1108 1787 1226 1824 Agncta
1247 1787 1399 1825 Lyndesay
1420 1797 1520 1826 sponsa
1545 1789 1673 1821 Joannis.

981 1840 1190 1877 computatoris,
1208 1840 1273 1876 146,
1291 1841 1356 1868 147.

1034 1891 1170 1928 Joannes,
1183 1892 1217 1920 de
1229 1892 1334 1928 eodem,
1351 1892 1418 1920 309.

1033 1943 1167 1981 Joannes,
1195 1944 1350 1973 rotulorum
1377 1948 1553 1982 computator
1587 1946 1669 1983 regis,

982 1996 1047 2031 146,
1066 1997 1132 2024 147.

1033 2048 1204 2085 Margareta,
1220 2048 1282 2076 vide
1296 2047 1383 2085 Gray.

940 2098 1067 2136 Fernyll,
1083 2099 1232 2136 Patricius,
1248 2099 1455 2138 hospitularius,
1475 2101 1537 2128 111.

939 2151 1067 2188 Ferrara,
1083 2152 1145 2180 vide
1159 2152 1298 2190 Baptista.

939 2204 1077 2240 Fethane,
1093 2208 1166 2233 terre
1181 2204 1224 2240 de,
1240 2205 1307 2233 314.

939 2255 1020 2292 Fiffe,
1050 2255 1131 2293 Fyse,
1161 2255 1234 2293 Fyff,
1267 2255 1357 2293 Fyffe,
1394 2256 1478 2294 Fyiff,
1515 2256 1669 2286 Duncanus

977 2317 1069 2336 comes
1082 2307 1125 2344 (le,
1142 2309 1189 2336 48.

1030 2359 1199 2389 Malcolmus
1213 2369 1305 2389 comes
1319 2360 1363 2396 de,
1378 2361 1426 2397 45,
1443 2361 1490 2389 46.

1031 2411 1245 2441 vicecomitatus
1266 2411 1308 2449 de,
1333 2413 1398 2449 109,
1423 2413 1488 2449 110,
1513 2414 1577 2449 113,
1602 2415 1667 2449 115,
