2147 2964
107 1405 149 1435 14

439 874 726 923 ECGLESIA
753 875 1122 926 COLLEGIATA
1163 879 1238 927 DE
1285 881 1552 930 ROSSLYN,

219 1239 477 1287 [Confirmatio
496 1245 596 1274 carte
616 1240 823 1275 donationis
842 1242 992 1277 ecelefie
1012 1244 1204 1292 collegiate
1224 1246 1268 1280 de
1289 1245 1466 1294 Rosssyn.]

214 1359 398 1412 JACOBUS
424 1374 497 1410 Dei
524 1375 650 1422 gracia
677 1387 739 1411 rex
770 1375 963 1412 Scotorum
990 1379 1156 1414 omnibus
1184 1381 1307 1427 probis
1330 1381 1536 1416 hominibus
1556 1383 1670 1418 tocius
1691 1393 1786 1419 terre

218 1444 276 1478 sue
296 1443 439 1478 clericis
458 1449 494 1479 et
512 1443 614 1478 laicis
634 1444 783 1479 salutem
805 1466 811 1473 ·
834 1444 966 1480 Sciatis
990 1459 1056 1481 nos
1083 1460 1165 1482 cum
1184 1448 1406 1484 auisamento
1430 1449 1625 1486 autoritate
1645 1459 1681 1485 et
1703 1464 1785 1486 con-

217 1513 316 1548 sensu
345 1510 512 1547 cariffimi
541 1512 801 1559 consanguinei
829 1519 865 1548 et
892 1513 1023 1548 tutoris
1051 1514 1164 1549 nostri
1190 1514 1373 1550 «Iohannis
1400 1517 1503 1551 ducis
1528 1516 1687 1552 Albanie
1716 1526 1784 1554 etc.

215 1581 320 1628 regni
348 1580 460 1615 nostri
488 1581 706 1627 protectoris
734 1587 770 1616 et
795 1581 1052 1629 gubernatoris
1072 1583 1265 1628 quamdam
1289 1589 1426 1619 cartam
1447 1584 1661 1620 donacionis
1680 1593 1715 1620 et
1734 1586 1785 1620 in-

216 1649 441 1684 feodacionis
468 1648 600 1684 factam
627 1661 693 1695 per
720 1648 892 1684 dile&um
926 1648 1087 1684 nostrum
1116 1649 1327 1685 WVilelmum
1359 1650 1524 1687 Sinclare
1552 1653 1596 1688 de
1624 1652 1785 1701 Rossyng

218 1717 368 1753 militem
388 1717 425 1752 in
445 1717 588 1752 laudem
607 1717 762 1765 gloriam
782 1723 817 1752 et
836 1717 1011 1752 honorem
1033 1715 1165 1752 sanae
1184 1723 1220 1752 et
1239 1717 1435 1753 Indiuidue
1452 1718 1645 1755 Trinitatis
1666 1720 1784 1755 Patris

219 1792 255 1821 et
267 1785 350 1820 Filii
366 1791 401 1821 et
419 1785 576 1832 Spiritus
590 1785 712 1820 sanai
730 1784 1049 1833 gloriosissimeque
1069 1785 1221 1832 virginis
1235 1785 1353 1821 Mario
1373 1787 1498 1821 matris
1511 1786 1659 1822 Domini
1672 1788 1783 1823 Jhesn

217 1859 252 1889 et
274 1852 396 1889 saneti
418 1852 558 1888 Mathei
580 1852 732 1900 apostoli
745 1858 780 1888 et
799 1853 1031 1901 ewangeliste
1059 1858 1095 1888 et
1121 1854 1281 1888 omnium
1311 1854 1513 1889 sanctorum
1542 1855 1720 1902 preposito
1749 1864 1783 1891 et

216 1921 469 1969 prebendariis
497 1920 646 1956 ecclesie
673 1921 865 1968 collegiate
891 1921 995 1956 Beati
1023 1920 1164 1956 Mathei
1192 1921 1342 1968 apostoli
1371 1922 1542 1957 antedicti
1571 1923 1615 1957 de
1635 1922 1784 1969 Rossing

220 1988 481 2025 Sanffiandree
501 1988 651 2024 diocesis
671 1995 706 2024 et
725 2001 850 2024 eorum
877 1988 1130 2024 suecessoribus
1159 1989 1194 2024 in
1215 1990 1310 2024 dicta
1335 1989 1486 2025 ecclesia
1504 1990 1697 2037 collegiata
1716 2003 1782 2037 pro

216 2057 328 2092 salute
347 2056 551 2092 animarum
579 2056 617 2091 in
637 2056 733 2091 dffta
759 2063 860 2091 carta
887 2056 1171 2103 specificatarum
1193 2057 1317 2093 diuina
1342 2070 1408 2104 pro
1427 2064 1603 2105 perpetuo
1623 2058 1782 2094 celebra—

215 2125 306 2160 turis
326 2124 371 2159 de
391 2123 609 2159 occidentali
629 2136 736 2159 orreo
763 2124 824 2158 suo
852 2130 888 2159 et
915 2124 1100 2160 nonnullis
1127 2124 1207 2159 aliis
1235 2125 1343 2172 peciis
1370 2131 1467 2160 terre
1492 2126 1528 2160 in
1548 2126 1699 2161 baronia
1720 2127 1779 2161 sua

215 2193 260 2228 de
281 2192 430 2239 Rossing
449 2192 544 2227 infra
562 2192 852 2227 vicecomitatum
882 2193 1041 2227 nostrum
1062 2193 1107 2228 de
1126 2192 1340 2239 Edinburgh
1361 2193 1563 2229 iacentibus
1582 2207 1648 2240 per
1666 2201 1779 2230 metas

215 2260 376 2307 lapideas
395 2266 431 2295 et
449 2260 588 2308 ligneas
608 2273 650 2295 ac
673 2259 775 2295 foffas
796 2260 852 2295 vel
878 2261 1003 2296 foueas
1029 2260 1191 2295 limitatis
1220 2260 1255 2295 in
1284 2273 1411 2307 puram
1432 2267 1467 2296 ot
1486 2267 1698 2308 perpetuam
1718 2263 1779 2297 eli-

215 2328 387 2363 mosinam
409 2328 503 2363 inter
521 2328 701 2375 prefatum
720 2327 939 2375 prepositum
967 2334 1002 2364 et
1025 2327 1285 2375 prebendarios
1304 2328 1397 2363 dicte
1417 2328 1566 2364 ecclefie
1585 2329 1777 2377 collegiate

215 2397 420 2432 dividendis
439 2409 505 2444 pro
525 2397 723 2432 eorundem
743 2395 985 2432 mansionibus
1008 2396 1095 2431 ortis
1122 2395 1268 2441 aliisque
1289 2395 1490 2431 necessariis
1509 2397 1661 2444 desuper
1680 2399 1777 2434 edifi-
