2147 2964
187 1893 256 1925 128

307 284 377 316 150
602 277 920 316 REGISTRUM
946 277 1202 315 ECCLESIE
1232 277 1575 315 COLLEGIATE

305 380 411 416 aliis·
435 378 675 416 Confirmatio
705 378 791 414 data
821 378 919 425 apud
947 376 1164 413 Edinburch
1193 379 1241 412 20
1262 376 1433 413 ‚Ianuarii
1454 379 1550 412 1583
1579 389 1701 412 coram
1734 376 1819 424 [ete.
1841 382 1880 412 ut

305 450 413 496 supra
431 447 504 484 No.
526 446 626 495 125}

307 570 435 624 Imm
466 583 669 633 prepofitus
702 589 738 620 et
771 582 1003 632 prebendarii
1035 583 1254 619 confirmant
1285 588 1423 619 cartam
1455 583 1613 620 tenentis
1645 583 1698 618 sui
1730 582 1883 631 Georgii

308 655 411 703 Pedy
440 653 607 689 naucleri
636 652 756 688 incole
790 652 874 687 ville
906 651 951 687 de
979 651 1085 687 Leith
1116 665 1157 687 ex
1188 658 1292 700 parte
1322 652 1471 688 australi
1499 665 1592 699 aque
1620 652 1777 688 eiusdem
1806 651 1884 687 eius

308 724 425 772 sigillo
444 735 588 758 necnon
608 721 725 768 figillo
740 721 922 756 Beatricis
939 719 1139 756 Cokburne
1159 720 1236 756 eius
1253 720 1376 769 sponse
1396 720 1588 768 sigillatam
1604 721 1726 756 datam
1741 720 1765 756 J
1769 720 1883 756 acobo

310 793 425 841 Inglis
453 791 624 840 burgensi
652 791 697 826 de
726 789 944 837 Edinburgh
972 802 1039 836 pro
1067 790 1144 824 vita
1170 802 1314 825 necnon
1345 789 1521 826 Cornelio
1548 795 1583 824 et
1603 789 1747 824 Thome
1768 788 1885 837 Inglis

308 862 391 898 filiis
403 861 534 897 Jacobi
547 860 770 896 hereditarie
783 859 828 894 de
842 858 1053 894 venditione
1068 858 1222 893 duorum
1239 864 1531 894 tenementoruin
1548 864 1727 893 terrarum
1743 856 1829 906 [etc.
1848 865 1885 892 ut

309 932 418 978 supra
436 929 511 966 No.
531 928 570 977 9]
591 941 658 976 pro
679 928 816 963 summa
834 927 990 974 pecunie
1017 939 1081 975 pre
1101 926 1266 962 manibus
1292 926 1475 974 persoluta
1492 946 1499 954 ·
1519 926 1722 961 Reddendo
1749 939 1886 961 annua-

310 1001 376 1036 tim
397 1003 441 1034 14
454 1012 481 1034 s.
513 998 645 1034 vsualis
673 1003 819 1033 monete
849 1009 993 1032 necnon
1023 995 1223 1031 releuando
1256 995 1342 1043 [etc.
1368 1001 1408 1031 ut
1435 996 1542 1043 supra
1566 995 1638 1030 No.
1657 994 1720 1042 73]
1743 1015 1750 1022 ·
1774 993 1887 1030 Carta

312 1070 399 1104 data
417 1067 514 1116 apud
528 1066 745 1114 Edinburgh
767 1069 806 1100 11
827 1065 998 1101 Januarii
1019 1067 1112 1099 1583
1132 1076 1255 1099 coram
1272 1063 1417 1098 Thoma
1437 1062 1635 1099 Cokburne
1654 1063 1699 1098 de
1716 1063 1885 1098 Newhall

311 1137 454 1173 Jacobo
481 1135 633 1183 Logane
663 1135 780 1170 scriba
809 1147 853 1169 ac
883 1132 1066 1169 communi
1096 1131 1230 1167 clerico
1259 1131 1367 1179 burgi
1396 1131 1746 1167 Vicicanonicorum
1776 1131 1887 1167 Petro

313 1206 446 1241 Hewat
473 1185 595 1239 etiam⁴
610 1203 726 1239 scriba
745 1202 887 1238 Jacobo
906 1201 1084 1236 Primrois
1111 1200 1286 1236 seruitore
1314 1199 1400 1235 diffi
1419 1199 1522 1235 Petri
1543 1200 1706 1247 Georgio
1727 1199 1889 1247 Tempill

313 1274 489 1310 l'eruitore
517 1272 604 1308 dicti
633 1271 776 1306 Thome
806 1269 1006 1306 Cokburne
1036 1268 1203 1304 Henrico
1230 1268 1381 1315 Logane
1408 1267 1555 1303 Joanne
1581 1268 1748 1303 Robeson
1778 1267 1890 1303 Alex-

313 1343 429 1378 andro
447 1340 768 1388 Campbelletiam
789 1337 1028 1385 scriptoribus
1046 1335 1211 1384 Georgio
1227 1336 1449 1383 Bannatyne
1467 1335 1543 1370 filio
1559 1335 1741 1382 quondam
1757 1335 1891 1371 Jacobi

313 1411 534 1459 Bannatyne
554 1409 599 1444 de
619 1407 808 1443 Kirktoun
828 1406 873 1441 de
892 1405 1063 1452 Newtyle
1083 1411 1118 1440 et
1136 1403 1309 1451 magistro
1326 1403 1490 1439 Patricio
1506 1403 1727 1452 Bannatyne
1746 1405 1891 1439 notario

313 1479 461 1527 publico
495 1490 576 1514 cum
609 1476 689 1512 aliis
709 1495 716 1502 ·
737 1474 979 1511 Confirmatio
1011 1474 1097 1509 data
1132 1473 1229 1520 apud
1260 1471 1480 1520 Edinburgh
1513 1475 1557 1507 31
1588 1472 1760 1508 Januarii
1795 1476 1891 1509 1583

315 1560 438 1583 coram
464 1545 638 1593 magistro
658 1542 821 1590 Georgio
849 1542 1027 1578 Makeson
1056 1541 1173 1577 scriba
1200 1540 1329 1588 figneti
1357 1540 1454 1587 regis
1476 1540 1638 1576 Patricio
1658 1540 1763 1589 Logy
1782 1542 1892 1577 serui-

315 1624 394 1652 tore
425 1613 597 1662 prepositi
625 1612 772 1648 Joanne
805 1611 971 1646 Robeson
1001 1609 1177 1646 seruitore
1209 1609 1342 1645 Jacobi
1374 1608 1525 1657 Logane
1556 1610 1692 1645 notarii
1723 1623 1765 1646 ac
1797 1623 1892 1647 com-

315 1684 436 1720 munis
472 1682 598 1719 cleriei
642 1681 750 1729 burgi
787 1679 1136 1715 Vicicanonicorum
1180 1676 1391 1712 monasterii
1438 1676 1569 1713 sanae
1607 1677 1737 1713 Crucis
1778 1691 1892 1727 prope

321 1751 550 1800 Edinburgh.

320 1873 447 1927 ΙιῡΕΜ
479 1887 682 1936 prepositus
710 1892 745 1922 et
777 1883 1013 1933 prebendarii
1045 1883 1132 1930 quia
1164 1889 1413 1918 tenementum
1447 1895 1528 1918 cum
1559 1882 1666 1919 horto
1698 1883 1821 1919 iacens
1849 1897 1892 1919 ex

321 1957 493 1993 orientali
529 1956 644 1992 latere
680 1954 752 1989 vici
796 1953 887 2001 regii
931 1951 1135 1999 nuncupati
1170 1950 1389 1998 Leithwynd
1424 1951 1522 1987 inter
1557 1957 1674 1986 terras
1709 1952 1892 1998 quondam

322 2025 499 2062 Richardi
519 2023 667 2060 Waldie
687 2035 786 2058 nunc
804 2021 830 2057 J
833 2021 944 2056 oanni
964 2020 1058 2056 Blak
1077 2019 1207 2054 sartori
1226 2018 1396 2066 burgensi
1416 2018 1765 2054 Vicicanonicorum
1784 2020 1895 2067 perti-

324 2099 452 2129 nentes
472 2105 515 2128 ex
535 2091 682 2127 australi
702 2096 806 2138 parte
826 2097 943 2125 terras
961 2087 1148 2135 hospitalis
1170 2086 1295 2123 Sanni
1312 2086 1418 2122 Pauli
1439 2099 1485 2122 ex
1504 2093 1608 2134 parte
1626 2087 1763 2122 boreali
1779 2094 1895 2123 terras

326 2168 362 2197 et
379 2162 505 2197 hortos
524 2160 709 2207 quondam
728 2158 884 2194 Dauidis
899 2156 1008 2192 Leith
1027 2169 1125 2191 nunc
1143 2155 1363 2204 pauperibus
1383 2155 1589 2191 oratoribus
1604 2155 1690 2190 dieti
1708 2155 1895 2202 hospitalis

327 2230 553 2278 pertinentes
570 2241 614 2264 ex
633 2234 737 2275 parte
757 2226 928 2262 orientali
949 2231 984 2261 et
1004 2236 1234 2261 communem
1253 2223 1441 2259 transitum
1461 2223 1555 2258 dicte
1576 2222 1710 2257 vinelle
1729 2235 1772 2257 ex
1791 2230 1895 2270 parte

329 2297 546 2333 occidentali
574 2309 672 2331 nunc
699 2294 882 2343 preposito
910 2294 1072 2341 spectans
1099 2291 1234 2326 virtute
1261 2290 1525 2338 recognitionis
1551 2296 1679 2325 contra
1699 2289 1895 2326 Cristinam

333 2365 468 2401 Calder
496 2365 659 2399 relictam
690 2363 873 2410 quondam
902 2361 1059 2397 Joannis
1085 2359 1289 2408 Likprevik
1320 2357 1510 2406 burgensis
1542 2357 1586 2392 de
1611 2357 1829 2405 Edinburgh
1861 2366 1897 2394 et

333 2438 462 2469 contra
478 2432 631 2467 heredes
650 2431 735 2466 dieti
755 2429 912 2466 Joannis
939 2436 975 2465 et
1003 2441 1128 2464 omnes
1155 2427 1244 2463 alios
1272 2425 1438 2463 interesse
1465 2425 1641 2461 habentes
1667 2438 1712 2461 ex
1738 2437 1781 2461 eo
1801 2428 1898 2473 quod
