2147 2964
798 315 869 351 DE
897 314 1212 351 RESTALRIG.
1723 316 1794 352 289

221 414 256 447 in
277 426 383 448 vnam
403 414 625 461 prebendam
655 414 692 449 in
713 414 838 449 eadem
863 414 1073 461 erigendam
1103 413 1251 460 reliquit
1271 419 1307 448 et
1326 413 1510 448 ordinauit
1531 418 1568 447 vt
1588 413 1625 447 in
1645 413 1793 448 euiden—

221 482 286 517 ciis
317 483 471 530 desuper
503 483 675 518 confeffis
719 483 862 529 plenius
907 482 1116 517 continetur
1153 481 1388 528 quasquidem
1434 480 1646 516 euidencias
1686 480 1795 516 habet

220 550 389 585 dominus
427 550 612 598 Georgius
650 550 832 585 Newtoun
867 550 960 585 dieto
997 550 1201 597 capellanie
1243 549 1564 596 impresenciarum
1602 548 1794 596 possessor·

221 618 394 664 quocirca
426 631 507 654 cum
541 618 812 664 iuspatronatus
847 618 1005 653 eiusdem
1037 619 1083 653 ad
1112 630 1178 652 nos
1209 624 1243 652 et
1275 616 1491 652 successores
1521 617 1662 652 nostros
1692 629 1796 664 reges

224 685 350 721 Scocie
380 698 447 732 pro
477 691 640 732 tempore
669 698 712 720 ex
742 685 962 721 fundacione
990 686 1126 732 spthat
1151 693 1186 720 et
1213 685 1372 731 pertinet
1401 684 1566 719 volumus
1590 691 1626 719 et
1653 685 1795 720 ordina-

222 766 300 788 mus
331 766 411 788 cum
449 754 559 800 ipsam
593 753 834 799 capellaniam
869 766 999 788 vacare
1037 753 1234 800 contigerit
1266 765 1331 800 per
1362 753 1491 787 cessum
1529 759 1592 788 aut
1619 752 1796 788 decessum

222 821 308 856 dieti
337 820 473 856 domini
496 820 651 867 Georgii
679 832 779 854 nunc
806 819 1002 866 possessoris
1030 821 1186 856 eiusdem
1216 820 1328 867 ipsam
1361 832 1427 867 per
1455 827 1673 855 memoratos
1704 833 1799 855 com-

221 887 397 924 missarios
416 887 619 923 sanetiffimi
638 888 778 922 domini
806 888 919 922 nostri
947 901 1038 935 pape
1065 888 1259 924 secundum
1279 894 1443 923 tenorem
1464 888 1642 923 bullarum
1663 889 1799 935 aposto-

221 957 371 992 licarum
388 956 484 991 dieto
504 955 628 991 nostro
649 955 804 1003 collegio
821 955 915 990 vniri
935 963 971 991 et
990 956 1134 991 anneffi
1155 969 1197 991 ac
1216 956 1253 990 in
1273 969 1379 991 vnum
1395 956 1558 992 similiter
1576 957 1797 1003 prebendam

221 1024 405 1072 perpetuis
425 1024 556 1059 futuris
576 1024 799 1072 temporibus
819 1024 907 1059 inibi
927 1025 1141 1060 duraturam
1167 1025 1365 1060 secundum
1386 1031 1548 1060 tenorem
1569 1031 1668 1060 carte
1687 1025 1800 1073 patris

222 1093 334 1129 nostri
355 1093 507 1129 colende
527 1093 702 1128 memorie
731 1092 821 1140 erigi
848 1099 884 1128 et
910 1094 1027 1128 creari
1056 1106 1124 1139 que
1153 1093 1268 1128 eciam
1290 1093 1480 1129 vocabitur
1508 1094 1694 1140 prebenda
1714 1093 1800 1128 Ros-

223 1160 329 1197 senfis
358 1162 528 1209 Episcopi
562 1162 704 1209 eritque
732 1162 917 1209 prediaus
945 1163 1211 1208 prebendarius
1246 1169 1284 1197 ut
1316 1162 1429 1197 ceteri
1462 1163 1557 1197 dieto
1592 1163 1732 1198 decano
1764 1163 1799 1197 in

224 1232 392 1266 omnibus
421 1232 584 1266 subditus
617 1238 653 1266 et
683 1231 728 1267 ad
761 1244 874 1267 onera
907 1231 1114 1278 collegialia
1147 1238 1184 1266 ut
1214 1231 1327 1266 ceteri
1358 1231 1592 1278 prebendarii
1624 1231 1801 1266 subiectus

226 1299 471 1347 spedabitque
491 1299 568 1335 eius
596 1300 823 1347 presentacio
852 1313 934 1335 cum
955 1314 1086 1336 vacare
1114 1300 1313 1347 contigerit
1341 1300 1386 1335 ad
1414 1313 1479 1335 nos
1507 1306 1542 1334 et
1566 1300 1707 1335 nostros
1726 1301 1800 1335 suc—

225 1368 378 1404 cessores
408 1368 537 1404 Scocie
565 1381 670 1415 reges
698 1375 733 1404 et
761 1369 913 1404 collacio
942 1370 1082 1404 decano
1111 1369 1196 1404 diffti
1226 1368 1338 1403 nostri
1371 1369 1515 1416 collegii
1543 1381 1610 1415 pro
1638 1375 1801 1415 tempore

226 1436 326 1471 sicuti
346 1436 391 1471 de
413 1437 543 1472 ceteris
569 1436 764 1484 prebendis
792 1436 909 1483 sepius
936 1437 1069 1472 difmm
1100 1436 1176 1472 est·
1199 1437 1260 1472 Ad
1288 1450 1358 1483 que
1387 1437 1509 1471 onmia
1536 1443 1571 1471 et
1599 1435 1738 1483 fingula
1766 1436 1800 1471 in

226 1504 322 1539 dieta
341 1503 464 1539 nostra
482 1503 702 1539 fundacione
730 1510 904 1540 contenta
923 1511 958 1539 et
976 1505 1230 1553 pei-implenda
1255 1511 1291 1540 et
1310 1505 1494 1539 obseruari
1515 1504 1683 1539 facienda
1701 1504 1801 1539 iuxta

227 1573 322 1607 vires
343 1572 508 1607 volumus
528 1579 564 1607 et
584 1572 794 1607 ordinamus
823 1573 1002 1608 decanum
1030 1586 1097 1620 pro
1125 1579 1287 1620 tempore
1315 1585 1422 1619 quam
1446 1572 1603 1619 primum
1624 1572 1722 1607 bulle
1741 1573 1800 1607 sue

227 1640 364 1677 fuerint
393 1640 429 1676 in
460 1640 619 1688 capitulo
649 1653 716 1688 pro
745 1640 979 1676 institucione
1011 1640 1180 1675 habenda
1210 1640 1415 1687 presentate
1448 1639 1691 1675 iuramentum
1723 1652 1800 1673 cor-

227 1709 352 1756 porale
373 1721 495 1744 coram
515 1709 619 1756 distis
646 1709 900 1756 prebendariis
925 1709 1086 1756 prestare
1106 1729 1112 1735 -
1132 1708 1283 1743 Vestras
1309 1708 1422 1755 igitur
1439 1708 1679 1755 paternitates
1698 1720 1800 1743 reue-

227 1778 359 1813 rendas
386 1789 580 1824 precamur
608 1783 644 1812 et
670 1776 891 1823 requirimur
919 1783 1098 1823 quatenus
1118 1776 1202 1811 diffi
1231 1776 1376 1823 collegii
1404 1777 1516 1811 nostri
1542 1776 1799 1812 fundacionem

229 1846 461 1882 dotacionem
489 1845 762 1880 ordinacionem
796 1845 1006 1880 diuisionem
1040 1845 1098 1880 seu
1127 1844 1423 1879 distribucionem
1452 1857 1517 1892 per
1544 1858 1610 1880 nos
1636 1844 1798 1880 nostrum

229 1926 336 1949 auum
358 1920 392 1949 et
412 1919 554 1961 patrem
581 1912 743 1948 nostrum
772 1912 989 1948 cariffimum
1017 1919 1055 1948 ut
1080 1912 1304 1959 premittitur
1324 1913 1451 1947 faaam
1480 1913 1517 1947 in
1546 1913 1712 1947 omnibus
1731 1913 1800 1947 suis

229 1982 372 2030 pumffis
391 1982 562 2017 membris
582 1987 618 2016 et
636 1981 798 2017 articulis
826 1981 1020 2016 autoritate
1048 1980 1247 2028 apostolica
1266 1981 1367 2015 vobis
1396 1980 1577 2016 commissa
1595 1981 1799 2028 approbare

229 2051 412 2087 ratificare
432 2057 467 2086 et
487 2050 703 2085 confirmare
723 2049 965 2096 dignaremini
994 2062 1075 2086 cum
1099 2050 1300 2086 vestrorum
1321 2049 1517 2097 sigillorum
1538 2050 1745 2085 municione
1765 2057 1800 2085 et

229 2118 446 2167 appensione
465 2138 471 2145 -
492 2117 535 2153 In
556 2117 658 2153 cuius
680 2117 732 2152 rei
761 2117 1004 2152 testimonium
1033 2118 1118 2153 huic
1146 2117 1304 2164 presenti
1331 2117 1542 2153 fundacioni
1562 2118 1682 2153 nostre
1702 2131 1799 2165 mag·

230 2200 316 2222 num
336 2186 489 2234 sigillum
508 2185 669 2221 nostrum
697 2185 923 2232 presentibus
948 2186 1081 2234 apponi
1109 2186 1339 2232 precepimus
1358 2206 1364 2212 ·
1385 2185 1554 2221 Testibus
1573 2186 1799 2222 reuerendis-

230 2255 316 2290 fimo
334 2253 617 2300 reuerendifilue
636 2254 673 2288 in
695 2252 815 2289 Cristo
839 2253 1003 2300 patribus
1022 2253 1163 2289 Jacobo
1189 2253 1460 2301 archiepiscopo
1482 2254 1695 2302 Glasguensl
1716 2268 1799 2290 can—

230 2323 380 2358 cellario
416 2321 539 2356 nostro
574 2321 697 2356 Dauid
742 2321 910 2368 episcopo
949 2321 1115 2358 Candide
1153 2321 1242 2358 Case
1284 2321 1479 2368 nostreque
1524 2323 1663 2370 capelle
1700 2323 1799 2371 regie

231 2390 525 2438 Striuelingenfis
556 2390 709 2426 Andrea
736 2390 903 2437 episeopo
940 2388 1160 2426 Cathanenfi
1193 2389 1317 2425 Dauid
1354 2391 1521 2438 episcopo
1554 2390 1797 2426 Lismorenfl-

228 2459 367 2494 dileffis
395 2458 671 2506 consanguineis
699 2458 830 2493 nostris
850 2458 1064 2494 Alexandro
1093 2458 1224 2494 comite
1245 2459 1290 2494 de
1313 2459 1466 2494 Huntlie
1489 2459 1636 2495 domino
1657 2459 1798 2508 Badye-

963 2529 984 2560 2
1005 2538 1027 2561 o
