2147 2964
199 709 252 742 10.

200 1524 256 1556 11.

312 274 356 306 10
761 267 1077 305 REGISTRUM
1106 267 1411 305 CARTARUM

310 368 455 404 domino
475 367 664 403 Willelmo
692 372 778 403 tunc
803 367 943 404 decano
963 366 1155 403 Tevidalie
1175 367 1336 403 Ricardo
1359 366 1468 403 Scoto
1485 366 1596 403 Petro
1615 367 1660 402 de
1681 365 1881 403 Cokburne

311 443 346 473 et
365 436 458 472 aliis.

313 586 423 621 Carta
440 583 623 620 Bernardi
641 585 686 621 de
706 584 866 620 Hauden
886 583 931 619 de
951 590 1109 631 quatuor
1126 583 1232 619 bollis
1251 584 1437 619 frumenti.

313 689 508 743 Omnibus
541 704 678 742 Christi
711 705 877 741 fidelibus
907 704 1136 752 presentibus
1172 710 1208 740 et
1238 704 1369 740 futuris
1402 704 1614 740 Bernardus
1646 705 1690 741 de
1724 704 1884 741 Hauden

311 773 461 809 salutem
488 773 526 808 in
554 774 701 808 domino
725 794 732 800 ·
757 773 915 809 Nouerit
944 772 1157 809 vniuerfitas
1188 772 1306 808 vestra
1332 786 1389 813 me
1418 773 1612 809 caritatiue
1640 773 1772 809 dedifl'e
1800 786 1885 809 con-

312 840 443 877 eeffisse
476 839 548 891 [et]
578 842 734 889 presenti
767 848 870 877 carta
900 855 981 877 mea
1008 841 1231 877 confirmasse
1261 842 1383 876 domui
1417 842 1461 877 de
1496 841 1617 877 Soltre
1649 848 1685 877 et
1711 842 1885 877 fratribus

312 909 441 945 ibidem
463 909 545 945 Deo
564 910 803 945 seruientibus
822 916 979 957 quatuor
996 910 1112 945 bollas
1132 910 1177 944 de
1196 909 1380 945 frumento
1406 909 1661 957 percipiendas
1681 909 1745 945 fibi
1771 922 1884 945 annu-

312 978 398 1013 atim
418 978 464 1013 ad
487 977 616 1013 festum
647 976 767 1013 Sanffi
794 978 965 1013 Nicholai
993 978 1087 1026 apud
1111 977 1270 1012 Havden
1291 1001 1298 1007 -
1320 977 1517 1013 Tenendas
1546 983 1581 1013 et
1607 978 1794 1013 habendas
1821 978 1885 1013 fibi

311 1047 348 1082 in
376 1059 505 1094 puram
525 1053 561 1081 et
577 1052 791 1094 perpetuam
820 1046 1040 1082 elimosinam
1068 1046 1113 1081 de
1140 1059 1196 1081 me
1224 1052 1260 1081 et
1286 1046 1482 1081 heredibus
1509 1046 1599 1081 meis
1619 1067 1626 1074 ·
1647 1046 1714 1081 hiis
1735 1045 1883 1081 testibus

312 1115 458 1150 domino
484 1115 657 1150 Johanne
685 1115 730 1150 de
759 1114 1000 1150 Normanuile
1028 1115 1174 1150 domino
1204 1115 1391 1150 Willelmo
1421 1115 1466 1150 de
1498 1115 1669 1150 Bothvile
1699 1115 1884 1150 Willelmo

312 1185 356 1219 de
378 1183 536 1219 Hauden
558 1183 718 1231 Hugone
738 1184 783 1218 de
803 1183 963 1218 Hauden
986 1182 1145 1231 Symone
1164 1183 1209 1218 de
1228 1183 1400 1218 Markinc
1420 1189 1457 1219 et
1476 1183 1565 1218 aliis.

313 1340 428 1377 Carta
462 1341 563 1376 Petri
599 1342 644 1376 de
675 1340 813 1377 Grame
845 1341 890 1376 de
922 1340 1037 1376 tribus
1068 1340 1210 1375 bonatis
1242 1346 1339 1375 terre
1368 1340 1403 1374 in
1437 1340 1523 1375 villa
1555 1346 1591 1375 et
1622 1341 1807 1376 territorio
1840 1343 1884 1377 de

313 1408 581 1456 Elvynystoun.

313 1503 518 1555 Vniuerfis
537 1520 656 1555 sanfite
674 1520 802 1555 matris
821 1519 969 1555 ecclefie
987 1519 1071 1555 filiis
1096 1519 1162 1555 has
1189 1519 1315 1555 literas
1335 1518 1462 1553 visuris
1482 1518 1539 1554 vel
1559 1519 1736 1555 audituris
1755 1520 1886 1556 Petrus

314 1588 359 1622 de
379 1587 513 1623 Grame
532 1588 683 1624 salutem
703 1588 739 1623 in
758 1587 920 1624 Domino
940 1610 946 1617 ·
969 1588 1126 1624 Nouerit
1145 1587 1359 1623 vniuerfitas
1379 1587 1499 1622 vestra
1522 1600 1579 1622 me
1599 1587 1722 1623 diuine
1741 1589 1886 1636 pietatis

315 1655 449 1691 intuitu
468 1656 601 1691 dedifl'e
621 1665 656 1692 et
676 1656 879 1692 conceffisse
907 1662 942 1692 et
968 1656 1037 1691 hac
1065 1661 1168 1692 carta
1192 1655 1352 1703 presenti
1371 1656 1594 1691 confirmasse
1613 1656 1696 1692 Deo
1716 1664 1751 1693 et
1772 1657 1885 1693 Beate

315 1723 434 1759 Marie
454 1732 490 1759 et
509 1724 632 1759 domui
662 1724 794 1760 San&e
815 1724 1010 1760 Trinitatis
1037 1725 1082 1760 de
1110 1724 1229 1759 Soltre
1258 1730 1293 1759 et
1320 1724 1494 1760 fratribus
1521 1724 1655 1759 ibidem
1679 1725 1794 1773 [Deo]
1816 1726 1884 1760 ser-

315 1792 498 1827 uientibus
517 1800 554 1828 et
572 1793 841 1840 imperpetuum
870 1792 1055 1828 seruituris
1083 1799 1156 1828 tres
1183 1792 1334 1828 bouatas
1357 1798 1454 1828 terre
1473 1793 1620 1828 arabilis
1638 1793 1676 1828 in
1697 1794 1884 1829 territorio

315 1860 358 1894 de
378 1860 642 1909 Elwynystoun
662 1861 800 1897 scilicet
819 1861 949 1897 toftum
970 1868 1005 1896 et
1032 1861 1188 1897 crostum
1216 1873 1285 1908 que
1310 1861 1459 1896 fuerunt
1483 1860 1678 1896 Michaelis
1698 1868 1733 1897 et
1753 1862 1883 1898 toftum

315 1935 350 1963 et
369 1929 525 1964 croftum
545 1942 616 1976 que
635 1930 784 1965 fuerunt
802 1929 961 1965 Walteri
982 1928 1067 1965 Seui
1088 1935 1123 1965 et
1142 1929 1272 1964 toftum
1292 1935 1328 1964 et
1347 1929 1502 1964 croftum
1522 1942 1590 1975 que
1610 1929 1758 1965 fuerunt
1776 1930 1883 1966 Effok

315 1997 423 2032 vidue
443 2004 479 2033 et
504 2004 616 2033 totam
643 2004 778 2033 terram
808 1998 845 2033 in
875 1996 1099 2033 Stanilandis
1129 2002 1165 2032 et
1192 2002 1305 2032 totam
1333 2002 1469 2032 terram
1496 1997 1534 2032 in
1562 1996 1690 2033 Buttes
1718 2004 1754 2033 et
1773 2004 1884 2033 totam

316 2072 452 2101 terram
472 2066 705 2102 Wethlandis
733 2072 769 2102 et
796 2072 908 2102 totam
937 2072 1071 2102 terram
1102 2065 1139 2099 in
1169 2064 1339 2100 orientali
1366 2071 1470 2112 parte
1497 2065 1542 2100 de
1561 2064 1768 2101 lVetessade
1796 2065 1884 2102 ficut

318 2146 459 2181 queque
478 2135 613 2170 bouata
631 2141 728 2170 terre
748 2135 925 2171 diuiditur
942 2148 1006 2183 per
1024 2135 1103 2170 suas
1122 2137 1238 2170 metas
1257 2135 1388 2170 diuisas
1403 2156 1410 2163 ·
1428 2134 1625 2170 Tenandas
1645 2141 1680 2171 et
1698 2135 1883 2171 habendas

316 2202 490 2248 prediEtis
507 2203 680 2238 fratribus
699 2203 744 2238 de
766 2202 886 2238 Soltre
906 2208 942 2238 et
960 2202 1216 2238 successoribus
1236 2203 1306 2237 suis
1325 2203 1370 2237 de
1391 2215 1449 2237 me
1469 2208 1504 2238 et
1523 2202 1717 2238 heredibus
1736 2203 1826 2238 meis
1844 2204 1882 2238 in

317 2282 444 2316 puram
463 2276 498 2305 et
516 2276 729 2318 perpetuam
749 2270 970 2306 elimosinam
989 2271 1081 2306 adeo
1099 2270 1213 2306 libere
1242 2276 1277 2305 et
1296 2270 1417 2317 quiete
1443 2270 1608 2317 plenarie
1628 2276 1664 2305 et
1682 2270 1883 2306 honorifice

318 2336 406 2371 ficut
424 2337 546 2384 aliqua
564 2339 691 2374 domus
715 2339 884 2386 religiosa
910 2339 946 2374 in
965 2351 1080 2386 regno
1102 2338 1228 2373 Scoeie
1248 2338 1405 2384 aliquam
1433 2338 1651 2373 elimofinam
1678 2338 1828 2374 liberius
1848 2348 1883 2375 et

319 2403 481 2449 quieeius
500 2410 600 2441 tenet
619 2412 654 2441 et
671 2406 824 2453 poffidet
842 2419 922 2442 cum
943 2406 1125 2442 communi
1144 2405 1293 2453 pastura
1311 2412 1347 2442 et
1366 2406 1532 2441 omnibus
1550 2406 1629 2441 aliis
1651 2405 1882 2453 ayfiamentis
