2147 2964
733 294 922 331 DOMUS
949 294 1019 330 DE
1049 295 1263 332 SOLTRE.
1740 302 1786 334 23

217 397 394 425 terrarum
424 391 461 426 in
490 392 677 427 territorio
698 393 742 428 de
765 393 1030 442 Swaynystoun
1059 407 1147 440 quas
1167 394 1371 430 Duncanus
1400 396 1545 443 sponsus
1572 410 1672 432 meus
1700 397 1786 433 fecit

216 458 252 493 in
273 465 485 506 perpetuam
506 460 728 495 elimosinam
750 461 873 496 domui
901 462 945 496 de
968 462 1087 498 Soltre
1115 469 1150 498 ct
1173 463 1345 499 fratribus
1372 465 1506 500 ibidem
1528 465 1608 501 Deo
1629 467 1786 502 seruien-

216 527 310 562 tibus
330 533 365 562 et
384 527 572 562 seruituris
600 534 673 563 tam
702 529 738 564 in
768 530 874 564 terris
903 543 1010 576 quam
1039 530 1076 564 in
1104 531 1218 576 pratis
1247 538 1281 566 ct
1307 532 1447 578 pascuis
1466 539 1502 568 et
1521 534 1686 569 omnibus
1706 535 1785 570 aliis

215 593 446 641 ayfiamentis
475 593 563 629 ficut
590 601 690 631 carte
718 596 763 631 de
791 597 895 632 dietis
922 597 1017 632 facte
1047 597 1184 644 placuit
1212 598 1306 633 dicto
1325 599 1509 635 Duncano
1534 602 1660 648 sponso
1679 615 1759 638 meo
1781 623 1786 629 ·

215 662 262 698 Et
284 662 331 697 ad
357 661 464 696 huius
493 662 545 696 rei
573 662 803 698 securitatem
831 664 1121 699 confirmandum
1150 666 1297 712 presens
1316 667 1485 714 scriptum
1507 668 1611 714 sigilli
1632 671 1701 705 mei
1721 671 1785 705 im-

214 729 398 777 posicione
426 729 599 765 roboraui
624 750 630 756 -
653 730 721 765 hiis
750 731 900 767 testibus
929 733 1078 767 domino
1104 733 1364 769 Bertholomeo
1391 735 1436 770 de
1464 735 1610 772 Faulaw
1639 738 1785 773 domino

215 797 352 834 Schero
383 798 427 833 de
457 797 603 845 Hedley
623 798 770 833 domino
798 799 942 834 Thoma
970 800 1014 835 de
1044 801 1153 848 Haya
1180 801 1328 837 domino
1362 802 1524 839 Roberto
1557 805 1601 840 de
1632 804 1786 853 Syncler

213 867 361 901 domino
382 866 544 902 Roberto
574 866 764 914 capellano
793 868 837 902 de
864 867 997 903 Heriot
1019 868 1205 904 Willelmo
1233 870 1277 905 de
1308 870 1504 907 Hertissied
1536 871 1719 921 Stephano
1742 875 1786 910 de

214 935 368 971 Wedale
389 941 424 971 et
444 935 566 971 multis
586 935 679 971 aliis,

213 1096 327 1132 Carta
343 1096 547 1132 Alexandri
566 1097 664 1144 regis
683 1097 727 1132 de
748 1097 1032 1132 confirmacione
1054 1104 1150 1133 terre
1170 1098 1215 1133 de
1238 1097 1516 1147 Swaynystoun.

98 1221 118 1236 '²
149 1238 156 1245 ·
215 1205 449 1257 Alexander
479 1219 552 1254 Dei
586 1219 712 1267 gracia
743 1232 806 1254 rex
842 1217 1048 1255 Scottorum
1082 1222 1250 1258 omnibus
1282 1224 1405 1270 probis
1435 1225 1640 1261 hominibus
1673 1227 1788 1262 tocius

214 1294 311 1324 terre
331 1289 390 1323 sue
408 1288 551 1323 clericis
571 1294 605 1323 et
624 1288 726 1323 laicis
746 1288 894 1323 salutem
918 1309 925 1315 -
947 1287 1072 1324 Sciant
1099 1290 1282 1336 presentes
1302 1298 1337 1327 et
1357 1292 1469 1327 futuri
1494 1306 1562 1329 nos
1586 1293 1787 1330 conceffiffe

214 1363 250 1392 et
285 1357 354 1391 hac
378 1362 493 1391 ,carta
527 1356 651 1390 nostra
686 1355 911 1391 confirmaffe
947 1356 1189 1392 donacionem
1227 1358 1325 1393 illam
1363 1373 1471 1406 quam
1503 1360 1707 1398 Duncanus
1742 1363 1786 1398 de

216 1424 482 1472 Swaynystoun
508 1430 543 1459 et
563 1423 725 1459 Mariota
750 1424 877 1470 sponsa
904 1424 980 1459 eius
1007 1425 1174 1461 fecerunt
1194 1426 1276 1461 Deo
1305 1434 1340 1462 et
1363 1427 1530 1476 hospitali
1553 1429 1684 1466 Sancte
1705 1430 1786 1465 Tri-

214 1493 338 1529 nitatis
357 1494 401 1528 de
424 1492 542 1528 Soltre
562 1499 597 1527 et
616 1492 789 1528 fratribus
817 1493 952 1528 ibidem
974 1492 1057 1528 Deo
1082 1493 1322 1530 seruientibus
1342 1496 1386 1531 de
1407 1496 1537 1543 viginti
1558 1498 1672 1533 tribus
1692 1499 1785 1534 acris

214 1568 311 1598 terre
341 1562 379 1596 in
407 1560 594 1596 territorio
614 1561 658 1595 de
681 1559 947 1608 Swaynystoun
978 1575 1058 1596 cum
1091 1562 1182 1597 tofto
1213 1569 1248 1598 et
1279 1564 1395 1599 crofto
1425 1577 1514 1611 quas
1536 1565 1656 1600 Adam
1684 1567 1786 1603 faber

214 1631 332 1667 tenuit
351 1631 573 1665 mensuratas
592 1642 658 1677 per
677 1629 808 1664 diuisas
828 1634 1017 1664 contentas
1036 1630 1073 1664 in
1093 1637 1195 1665 carta
1214 1631 1366 1677 prediL'ci
1382 1631 1555 1667 Duncani
1575 1640 1610 1669 et
1625 1633 1785 1671 Mariote

215 1699 339 1746 sponse
367 1698 444 1733 eius
472 1711 552 1733 cum
582 1697 766 1732 communi
794 1697 940 1744 pastura
967 1704 1003 1733 et
1031 1697 1253 1744 ayfiainento
1281 1699 1326 1733 ad
1355 1699 1539 1747 sexaginta
1566 1714 1652 1737 oues
1680 1709 1716 1738 et
1739 1704 1784 1738 ad

214 1767 340 1803 decem
368 1766 493 1801 aueria
518 1771 553 1801 et
581 1766 627 1800 ad
652 1765 742 1800 duos
761 1777 873 1812 equos
892 1784 899 1791 ·
919 1764 1116 1800 Tenendas
1145 1772 1180 1801 et
1206 1765 1391 1801 habendas
1416 1768 1587 1814 prediffls
1611 1771 1784 1806 fratribus

215 1842 251 1872 et
269 1834 528 1871 successoribus
555 1833 626 1868 suis
654 1833 699 1868 de
726 1832 897 1881 premetis
925 1832 1105 1868 Duneano
1133 1840 1168 1868 et
1188 1833 1348 1869 Mariota
1375 1842 1410 1870 et
1437 1835 1632 1872 heredibus
1658 1839 1728 1874 suis
1746 1839 1784 1875 in

214 1916 341 1952 puram
370 1909 405 1938 et
432 1907 647 1950 perpetuam
675 1900 896 1936 elimosinam
924 1901 975 1935 ita
1001 1900 1115 1936 libere
1145 1908 1179 1936 et
1207 1902 1330 1948 quiete
1349 1903 1512 1950 plenarie
1529 1911 1564 1940 et
1583 1905 1784 1943 honorifice

216 1971 304 2007 sicut
324 1977 426 2006 carta
443 1970 690 2017 predic-torum
707 1968 880 2003 Duncani
900 1975 935 2003 et
952 1967 1109 2004 Mariote
1130 1969 1213 2004 inde
1233 1969 1326 2005 fana
1345 1971 1496 2006 testatur
1511 1973 1609 2008 saluo
1629 1976 1783 2011 seruicio

216 2038 339 2074 nostro
367 2060 374 2067 -
403 2037 552 2074 testibus
584 2036 728 2072 Thema
760 2036 804 2070 de
839 2035 1053 2083 Striuelyng
1085 2037 1344 2072 archidiacono
1376 2038 1588 2087 Glaiguensi
1622 2041 1783 2079 Roberto

216 2107 406 2154 capellano
427 2106 597 2142 Gilberto
625 2105 669 2140 de
692 2104 906 2152 Striuelyng
933 2104 1067 2139 clerieo
1088 2104 1254 2140 Waltero
1282 2111 1318 2141 et
1342 2105 1528 2142 Willelmo
1548 2108 1654 2145 Beset
1673 2111 1784 2147 Alex-

216 2176 332 2211 andro
351 2175 426 2210 filio
445 2174 598 2209 Patricii
618 2173 662 2208 de
685 2172 922 2220 Striuelyng·
949 2173 1046 2220 apud
1076 2172 1289 2221 Striuelyng
1317 2174 1442 2210 vltimo
1470 2176 1529 2211 die
1559 2176 1785 2225 Septembris

217 2255 313 2279 anno
332 2242 437 2290 regni
457 2241 569 2277 nostri
590 2241 792 2276 vndecimo.
