2147 2964
368 288 439 321 244
663 281 977 319 REGISTRUM
1003 279 1258 317 ECCLESIE
1287 278 1628 317 COLLEGIATE

368 384 522 433 positum
550 383 636 418 dieti
663 381 777 417 nostri
802 381 911 428 burgi
935 381 980 416 de
999 378 1214 415 Edinburch
1239 379 1335 414 dono
1363 384 1398 414 et
1421 379 1619 414 donatione
1647 378 1729 414 talis
1752 378 1823 414 loci
1843 391 1941 414 nunc

368 454 406 488 in
433 452 566 488 nostris
592 451 761 487 manibus
789 449 954 485 vacantis
981 455 1017 484 et
1045 449 1091 484 ad
1118 447 1277 483 nostram
1305 446 1539 482 donationem
1566 446 1758 495 spe&antis
1777 452 1814 482 et
1831 446 1941 494 perti—

368 521 489 558 nentis
508 520 621 567 magis
642 518 896 556 conuenientis
916 524 952 553 et
970 517 1094 553 idonei
1120 516 1166 552 ad
1191 515 1476 551 construendum
1503 520 1539 550 et
1568 515 1813 551 edificandum
1839 526 1942 562 repa-

368 591 522 626 randum
547 596 583 625 et
601 588 902 637 performandum
930 586 1063 621 disshnn
1092 584 1274 632 hospitale·
1297 597 1379 620 cum
1407 584 1573 619 domibus
1602 583 1753 619 edificiis
1773 589 1808 619 et
1826 583 1943 619 hortis

368 659 526 695 ciusdem
546 657 606 693 vbi
634 656 750 692 maior
768 654 896 703 populi
922 660 958 690 et
984 653 1150 701 gentium
1178 652 1376 689 multitudo
1406 658 1441 688 et
1471 652 1694 688 confluentia
1722 659 1794 688 tam
1825 657 1942 687 extra-

368 740 521 764 neorum
542 738 648 774 quam
678 725 834 761 aliorum
858 723 1067 759 nostrorum
1093 722 1274 770 ligeorum
1300 721 1408 757 huius
1427 721 1541 757 nostri
1561 721 1687 769 oppidi
1707 721 1942 768 frequentare

370 797 541 832 videntur
568 801 604 831 et
632 806 745 843 prope
774 794 908 828 di&um
935 792 1056 828 locum
1076 791 1329 838 quotidianum
1352 790 1529 827 accessum
1558 791 1606 826 ad
1623 790 1760 825 dietum
1780 789 1941 824 nostrum

369 865 541 914 oppidum
561 876 603 899 ac
622 863 730 898 etiam
750 860 948 909 regressum
967 873 988 895 a
1007 860 1102 895 disto
1121 860 1245 895 nostro
1268 860 1402 907 oppido
1421 859 1579 894 maxime
1597 859 1736 894 habent
1755 856 1942 893 occasione

371 935 472 972 cuius
492 932 707 981 quotidiana
733 930 943 978 elemosyna
969 935 1005 965 et
1032 928 1205 964 auxilium
1235 928 1281 964 ad
1301 929 1434 963 dietum
1462 927 1641 974 hospitale
1661 932 1817 975 augetur
1835 931 1871 961 et
1890 925 1943 960 in-

371 1004 499 1040 crescit
519 1025 526 1032 -
543 1001 668 1045 Quare
687 1013 753 1035 nos
771 1005 922 1047 propter
941 998 1077 1034 bonum
1096 997 1203 1032 fidele
1218 1003 1254 1032 et
1268 996 1469 1044 gratuitum
1488 996 1679 1031 seruicium
1698 995 1804 1031 nobis
1819 995 1944 1030 nostro

371 1071 530 1120 Regenti
545 1070 709 1118 predifitm
726 1074 761 1104 et
776 1068 884 1104 etiam
900 1066 1073 1114 prodietis
1088 1065 1258 1101 Dominis
1277 1064 1392 1100 nostri
1410 1063 1551 1100 Secreti
1566 1064 1715 1101 Consilii
1730 1077 1795 1112 per
1810 1064 1943 1099 dietum

370 1141 556 1177 dominum
588 1138 785 1185 Symonem
815 1135 995 1171 Prestoun
1022 1133 1241 1182 prepositum
1270 1133 1474 1181 IJredi&um
1502 1133 1728 1180 temporibus
1755 1131 1944 1168 retroaffitis

370 1216 406 1246 et
433 1208 616 1257 preteritis
643 1207 778 1242 fafitum
806 1210 842 1240 et.
866 1203 1067 1251 impensum
1096 1207 1132 1237 et
1159 1201 1269 1237 etiam
1298 1207 1449 1248 propter
1480 1200 1677 1236 nonnullas
1717 1199 1806 1235 alias
1842 1212 1945 1236 occa—

370 1279 485 1314 siones
505 1283 540 1312 et
560 1273 869 1311 considerationes
897 1271 1058 1306 animum
1087 1269 1251 1305 nostrum
1278 1274 1468 1304 mouentes
1495 1281 1585 1316 erga
1603 1269 1739 1303 dictum
1757 1268 1945 1303 dominum

372 1346 569 1394 Symonem
602 1342 781 1378 Prestoun
812 1338 1034 1388 prepositum
1066 1337 1221 1373 balliuos
1257 1337 1422 1373 consules
1459 1342 1495 1372 et
1526 1336 1824 1372 communitatem
1861 1336 1945 1372 diffi

370 1414 483 1450 nostri
510 1412 619 1460 burgi
647 1411 691 1446 de
710 1407 927 1445 Edinburch
957 1407 1124 1442 dedimus
1152 1404 1387 1441 concessimus
1415 1410 1452 1440 et
1479 1405 1717 1453 disposuimus
1746 1418 1788 1441 ac
1818 1410 1946 1440 tenore

370 1482 546 1532 presentis
582 1485 682 1516 carte
725 1478 848 1513 nostre
889 1476 1017 1512 damus
1061 1473 1296 1510 concedimus
1332 1478 1368 1509 et
1404 1473 1628 1521 disponimus
1664 1473 1760 1508 dieto
1796 1473 1945 1509 domino

372 1550 523 1600 Symoni
543 1550 721 1585 Prestoun
740 1559 840 1582 nunc
866 1543 1048 1593 preposito
1072 1542 1159 1578 disti
1186 1542 1299 1578 nostri
1325 1542 1432 1590 burgi
1452 1542 1497 1578 de
1516 1541 1732 1577 Edinburch
1757 1547 1793 1577 et
1811 1542 1945 1578 succes-

370 1621 509 1656 soribus
529 1619 598 1654 suis
618 1615 809 1665 prepositis
836 1613 981 1650 balliuis
1009 1612 1216 1648 consulibus
1235 1619 1271 1648 et
1291 1610 1540 1647 communitati
1567 1610 1725 1646 eiusdem
1755 1610 1860 1658 burgi
1878 1622 1946 1658 pro

372 1696 535 1736 tempore
555 1684 792 1721 existentibus
811 1689 926 1719 totam
954 1687 990 1717 et
1016 1681 1199 1729 integram
1227 1679 1415 1715 ecelesiam
1435 1684 1601 1715 vocatam
1630 1678 1818 1714 ecclesiam
1839 1677 1946 1714 colle-

371 1758 508 1806 giatam
523 1753 718 1791 Trinitatis
738 1764 820 1788 cum
840 1750 1022 1787 cimiterio
1042 1749 1207 1784 domibus
1227 1748 1379 1784 edificiis
1397 1747 1553 1783 ruinatis
1572 1753 1608 1783 et
1627 1747 1805 1783 edificatis
1823 1759 1946 1794 pome-

371 1827 435 1862 riis
453 1824 570 1862 hortis
589 1823 715 1859 croftis
736 1820 961 1857 columbario
990 1825 1026 1854 et
1051 1817 1284 1866 pertinentiis
1309 1816 1467 1852 eiusdem
1487 1816 1762 1863 quibuscunque
1781 1828 1847 1863 per
1865 1828 1945 1863 pre-

373 1894 525 1942 positum
562 1897 598 1927 et
634 1888 898 1938 prebendarios
931 1887 1024 1923 diere
1064 1885 1214 1921 ecclesie
1251 1885 1445 1933 collegiate
1482 1885 1650 1932 perprius
1686 1884 1873 1931 occupatis
1910 1890 1947 1919 et

373 1963 583 1999 inhabitatis
599 1972 755 1995 vnacum
772 1958 855 1993 loco
875 1962 913 1992 et
927 1961 1031 2004 parte
1051 1967 1132 1991 cum
1153 1954 1305 1990 edificiis
1324 1959 1360 1989 et
1378 1953 1494 1989 hortis
1512 1952 1700 2000 hospitalis
1720 1952 1838 1988 vocati
1856 1951 1947 1987 Hos-

372 2032 494 2081 pitalis
514 2028 708 2065 Trinitatis
736 2027 846 2075 vulgo
875 2025 1033 2061 Trinitie
1053 2023 1235 2071 Hospitall
1259 2022 1352 2058 dicite
1380 2021 1529 2058 ecclesie
1557 2021 1750 2069 collegiate
1774 2020 1946 2068 contigue

373 2099 624 2136 adiacentibus
644 2109 728 2133 cum
745 2096 853 2131 horto
873 2107 918 2130 ex
944 2099 1049 2141 parte
1077 2091 1297 2128 occidentali
1326 2090 1485 2126 eiusdem
1512 2090 1691 2125 iacentem
1718 2089 1765 2124 ad
1792 2088 1944 2124 caudam

373 2169 446 2205 siue
461 2169 570 2204 finem
586 2166 657 2202 vici
672 2166 732 2200 seu
748 2163 880 2199 vinelle
895 2162 1017 2198 nostre
1033 2160 1153 2197 vocati
1167 2159 1288 2208 Leyth
1302 2159 1447 2207 WVynde
1464 2158 1502 2193 in
1518 2157 1683 2192 manibus
1701 2156 1833 2192 nostris
1846 2167 1944 2190 nune

374 2238 589 2272 existentem
604 2241 640 2271 et
653 2235 700 2269 ad
714 2233 875 2269 nostram
891 2230 1128 2267 donationem
1143 2229 1203 2265 seu
1219 2227 1487 2276 dispositionem
1500 2226 1757 2262 deuenientem
1770 2230 1941 2270 tanquam

373 2303 506 2351 prefati
525 2302 670 2350 collegii
690 2307 726 2337 et
744 2300 817 2336 loci
835 2298 1035 2334 indubitati
1053 2297 1198 2345 patroni
1225 2309 1291 2344 per
1311 2296 1474 2331 ordinem
1496 2297 1658 2330 &torum
1676 2299 1712 2328 et
1726 2292 1941 2327 statutorum

375 2385 397 2407 a
411 2378 573 2418 tempore
587 2368 872 2406 Reformationis
886 2366 1075 2415 religionis
1090 2378 1208 2413 nuper
1222 2365 1400 2400 faaorum
1416 2369 1451 2399 et
1466 2363 1718 2398 ordinatorum
1733 2372 1775 2395 ac
1789 2371 1856 2406 pro
1869 2359 1942 2394 edi-

375 2439 545 2474 ficatione
565 2443 600 2473 et
619 2436 887 2473 construffione
907 2435 992 2471 dieti
1019 2434 1207 2482 hospitalis
1234 2433 1424 2468 domorum
1451 2431 1641 2466 hortorum
1660 2434 1695 2464 et
1716 2427 1941 2475 poleciorum
