2147 2964
97 1281 166 1317 129

92 1768 162 1801 130

92 2313 155 2345 131

515 302 724 340 SANCTE
753 303 1072 341 TRINITATIS
1099 304 1170 340 DE
1197 304 1533 343 EDINBURGH.
1742 311 1807 343 151

240 401 418 437 cess'arunt
444 402 482 438 in
510 402 688 438 solutione
716 402 828 439 annui
855 403 1020 438 redditus
1048 415 1180 439 novem
1208 417 1412 440 marcarum
1436 411 1582 441 monete
1604 404 1726 442 Scotie
1744 419 1808 455 per

239 470 484 518 quadraginta
502 483 617 506 annos
635 477 697 507 aut
716 471 860 507 eocirca
877 471 1060 506 ruinosum
1080 478 1116 507 et
1138 472 1288 508 minime
1307 473 1550 520 distringibile
1569 474 1679 510 fuerit
1697 482 1807 522 prout

238 538 274 573 in
302 538 467 585 processu
494 538 756 585 recognitionis
776 539 820 573 do
840 539 926 574 data
952 540 1050 585 apud
1076 539 1233 587 burgum
1250 540 1600 577 Vieieanonicorum
1624 546 1647 582 9
1667 543 1807 590 Aprilis

242 607 335 645 1578
358 606 483 654 [latius
511 606 737 654 continetur]
768 612 804 642 et
830 607 882 642 ita
908 607 1112 654 proprietas
1140 607 1192 642 est
1219 607 1255 642 in
1274 609 1441 644 manibus
1460 610 1631 656 prepositi
1652 633 1659 640 ·
1679 623 1807 646 conce-

238 674 330 709 dunt
346 673 567 709 hereditarie
586 673 724 709 Joanni
746 674 893 710 Gilbert
911 674 1096 710 aurifabro
1115 675 1284 722 burgensi
1304 676 1349 710 de
1367 675 1585 724 Edinburgh
1604 678 1806 724 predi6tum

238 747 487 777 tenementum
514 748 611 777 terre
640 754 722 776 eum
750 741 856 777 horto
884 742 1043 777 eiusdem
1071 742 1196 777 iacens
1216 748 1254 778 vt
1278 743 1479 790 predicitur
1497 763 1505 771 ·
1524 744 1728 781 Reddendo
1747 759 1808 782 an-

236 809 375 845 nuatim
407 810 465 844 sex
497 821 639 844 marcas
673 808 795 845 Scotie
829 822 870 844 ac
903 822 1027 845 omnes
1064 823 1205 846 annuos
1239 812 1403 847 redditus
1436 814 1670 861 quoscunque
1701 822 1809 852 antea

236 878 378 914 debitos
406 890 551 913 necnon
581 877 726 912 balliuis
755 877 898 913 firmam
926 878 1115 927 burgalem
1148 892 1230 915 cum
1264 880 1423 916 seruiciis
1453 882 1637 918 curiarum
1666 903 1675 913 -
1696 885 1807 932 Apud

238 947 444 995 Collegium
485 950 500 981 1
531 945 726 982 Februarii
761 948 855 981 1583
891 959 1013 982 eoram
1050 949 1221 997 magistro
1257 949 1400 985 Jacobo
1436 950 1656 1000 Bannatyne
1692 954 1808 990 scriba

234 1015 381 1051 Joanne
417 1015 611 1051 Robesoun
648 1014 865 1050 Alexandro
900 1015 1093 1064 Campbell
1126 1017 1251 1053 scribis
1283 1017 1449 1055 Henrico
1481 1019 1631 1068 Logane
1665 1022 1740 1057 filio
1772 1030 1808 1059 et

233 1084 369 1120 herede
405 1089 606 1131 apparente
638 1082 772 1118 Jacobi
805 1082 957 1131 Logane
993 1086 1196 1122 communis
1232 1087 1357 1123 elerici
1389 1087 1737 1126 Vicicanonieorum
1772 1099 1807 1127 et

234 1152 328 1188 dieto
346 1151 489 1188 Jacobo
508 1151 660 1200 Logane
680 1164 762 1187 cum
782 1152 875 1188 aliis.

229 1273 414 1326 JACOBUS
452 1289 675 1338 Henrysoun
710 1287 883 1336 magister
917 1287 1104 1336 hospitalis
1137 1290 1309 1338 magister
1342 1291 1507 1327 Joannes
1540 1293 1805 1331 Manderstoun

229 1358 494 1405 prebendarius
514 1358 559 1393 de
580 1356 801 1394 Ormestoun
826 1357 1060 1404 prebendarii
1080 1358 1255 1394 nominati
1276 1359 1419 1394 Nether
1439 1359 1703 1397 Broderstanes
1724 1376 1804 1398 euin

229 1426 403 1461 consensu
434 1425 584 1473 capituli
617 1426 705 1461 dant
734 1423 884 1460 salinam
913 1437 980 1472 pro
1009 1424 1226 1461 Alexandro
1258 1426 1433 1474 Hogekin
1463 1433 1637 1476 tanquam
1666 1430 1741 1465 filio
1769 1437 1805 1466 et

228 1494 364 1529 herede
383 1493 589 1529 Alexandri
610 1492 784 1541 Hogekin
812 1493 850 1527 in
878 1493 984 1528 terris
1013 1494 1057 1529 de
1078 1494 1221 1530 Nether
1241 1494 1504 1532 Broderstanes
1531 1510 1613 1533 eum
1636 1498 1802 1535 domibus

229 1562 381 1598 edificiis
400 1568 436 1597 et
463 1561 668 1609 pendiculis
695 1563 732 1597 in
757 1561 909 1597 baronia
927 1562 972 1596 de
994 1561 1139 1610 Soltray
1160 1569 1196 1598 et
1215 1564 1473 1600 vicecomitatu
1493 1565 1537 1600 de
1558 1565 1774 1614 Edinburgh
1790 1588 1797 1594 ·

229 1632 342 1679 Apud
363 1630 571 1677 Collegium
592 1633 639 1666 20
660 1629 792 1666 Marcii
815 1632 922 1664 1583.

228 1750 330 1804 Tm:
362 1768 508 1815 provest
536 1767 776 1815 prebendaris
802 1767 948 1803 maister
980 1766 1156 1815 hospitale
1186 1768 1222 1803 in
1251 1781 1357 1805 name
1377 1771 1418 1805 of
1441 1770 1503 1806 the
1531 1772 1700 1808 beidmen
1729 1775 1802 1809 and

229 1836 409 1884 chaptour
428 1836 632 1871 constitutis
660 1835 813 1871 Maister
831 1835 981 1871 Johnne
1008 1835 1223 1871 Leirmonth
1251 1844 1495 1884 procuratour
1512 1839 1651 1876 fischall
1678 1847 1714 1877 to
1735 1855 1802 1878 our

231 1904 418 1940 Souerane
438 1904 539 1940 Lord
566 1904 688 1940 baillie
715 1903 911 1952 principall
939 1903 978 1938 of
1006 1903 1066 1939 the
1093 1904 1212 1940 landis
1239 1906 1423 1942 tennentis
1451 1908 1524 1942 and
1550 1909 1802 1946 annuelrentis

228 1973 424 2021 pertening
442 1979 479 2008 to
495 1972 556 2008 the
573 1972 725 2020 College
744 1972 781 2007 in
801 1972 1057 2019 quatsumeuer
1076 1972 1314 2009 schirefdome
1330 1974 1457 2010 within
1475 1974 1651 2012 Scotland
1669 1978 1726 2013 for
1745 1978 1800 2014 his

228 2042 382 2091 lyftyme
403 2062 410 2070 ·
431 2042 483 2077 At
511 2041 573 2076 the
595 2039 746 2088 College
779 2040 827 2076 26
857 2040 1011 2076 Marehe
1041 2043 1135 2075 1584
1168 2041 1292 2077 before
1324 2042 1386 2078 Mr
1418 2043 1566 2092 George
1598 2045 1800 2083 Makesoun

229 2110 387 2146 aduocat
422 2108 551 2145 Patrik
586 2108 714 2157 Logye
749 2107 898 2144 Johnne
933 2108 1094 2143 Rowane
1137 2108 1211 2144 and
1247 2109 1461 2147 Alexander
1497 2111 1679 2150 Borthuik
1715 2115 1800 2151 with

229 2177 368 2214 vtheris
387 2177 522 2212 diuers.

230 2295 459 2350 meswmz
479 2312 662 2348 Robertus
689 2311 786 2348 Pont
811 2312 1014 2360 prepositus
1040 2313 1276 2361 prebendarii
1300 2315 1552 2364 capellanique
1580 2319 1798 2357 confirmant

229 2387 367 2416 cartam
399 2381 463 2416 sub
493 2380 563 2416 hac
594 2380 713 2415 forma
740 2400 747 2407 ·
773 2379 951 2416 JoANNES
981 2379 1188 2417 Lauthiane
1220 2382 1444 2419 cultellarius
1475 2385 1663 2433 burgensis
1693 2388 1797 2436 burgi

229 2448 576 2484 Vicicanonicorum
600 2454 636 2484 et
654 2447 844 2483 Elizabeth
865 2447 993 2495 Naper
1012 2448 1138 2496 sponsa
1165 2448 1241 2485 eius
1269 2455 1305 2486 et
1330 2450 1438 2487 heres
1464 2454 1647 2499 quondam
1667 2454 1799 2492 Jacobi
