2147 2964
344 280 388 312 12
803 272 1117 310 REGISTRUM
1146 272 1452 310 CARTARUM

339 380 443 423 parte
461 379 497 410 et
516 372 726 420 magistrum
753 372 798 409 de
829 372 949 410 Soltre
976 378 1012 408 et
1039 372 1171 408 fratres
1199 372 1359 408 eiusdem
1385 371 1457 408 loci
1483 384 1528 408 ex
1547 371 1664 409 altera
1684 372 1798 408 silicet
1816 373 1915 420 quod

340 443 437 478 idem
471 442 582 478 abbas
620 447 657 477 et
693 447 896 477 conuentus
928 441 1091 477 caritatis
1126 440 1263 476 intuitu
1297 440 1550 477 concesserunt
1586 447 1621 477 et
1656 441 1917 477 relaxauerunt

341 511 464 546 domui
485 511 530 546 de
555 509 675 546 Soltre
703 516 738 545 et
765 509 938 545 fratribus
965 509 1124 545 eiusdem
1152 509 1225 544 loci
1254 522 1380 544 omnes
1407 509 1678 545 decimaciones
1705 516 1742 546 et
1770 509 1918 545 rectitu-

341 580 444 616 dines
464 593 553 627 quas
577 579 688 615 iidem
712 578 844 614 fratres
873 578 1011 613 soluere
1031 577 1208 613 deberent
1234 578 1313 613 iure
1341 576 1583 613 ecclesiastico
1603 578 1748 614 matrici
1768 576 1919 614 ecclefie

341 650 386 684 de
407 647 665 697 Cheldynkirk
684 647 728 683 de
747 647 811 682 illa
829 653 1002 682 carucata
1020 652 1118 683 terre
1137 658 1245 692 quam
1266 645 1405 681 habent
1424 645 1460 680 in
1479 646 1655 694 parochia
1674 647 1719 681 de
1740 645 1919 693 Childyn-

342 718 427 754 kirk
455 731 524 765 que
552 722 705 753 vocatur
727 714 1045 763 Futhewethynis¹
1073 715 1120 750 ad
1139 714 1404 749 Wedalefurde
1432 721 1506 750 tam
1535 713 1648 750 filicet
1675 714 1712 750 in
1739 714 1849 750 blado
1881 714 1918 749 in

343 786 423 822 vsus
440 785 607 834 proprios
627 797 671 820 ex
697 784 851 833 propriis
870 784 1070 831 sumptibus
1099 784 1198 820 culto
1218 798 1327 832 quam
1354 785 1392 820 in
1415 785 1496 820 aliis
1519 785 1712 821 mobilibus
1731 785 1770 820 in
1789 785 1917 820 eadem

342 861 441 890 terra
460 875 467 882 ·
487 853 571 901 ipfis
602 852 840 888 reddentibus
876 851 998 887 domui
1035 853 1080 887 de
1111 852 1303 901 Driburgh
1335 853 1523 889 annuatim
1559 866 1627 900 pro
1654 853 1915 901 recognicione

342 923 504 959 matricis
532 921 681 958 eeclefie
709 922 753 956 de
775 920 1034 969 Cheldynkirk
1063 933 1171 956 vnam
1199 921 1351 957 liberam
1378 922 1515 968 piperis
1543 927 1579 957 et
1607 922 1759 957 alteram
1781 921 1918 969 cymini

340 993 386 1028 ad
416 992 600 1027 nundinas
629 991 673 1026 de
703 989 906 1037 Roxburgh
924 1009 932 1017 ·
952 989 1000 1024 Et
1029 989 1230 1024 notandum
1260 988 1312 1024 est
1342 989 1441 1035 quod
1469 989 1539 1024 hoc
1569 989 1717 1024 eiisdem
1744 989 1919 1024 fratribus

339 1061 531 1097 caritatiue
560 1057 796 1095 conceffimus
824 1058 999 1105 quamdiu
1025 1058 1226 1105 predictam
1255 1062 1389 1091 terram
1417 1057 1456 1091 in
1476 1057 1557 1092 vsus
1584 1057 1749 1104 proprios
1768 1058 1918 1105 proprio

341 1130 441 1166 cultu
456 1135 583 1165 tenent
598 1148 604 1154 ·
620 1127 818 1163 seruientes
836 1139 924 1162 vero
944 1138 1069 1161 eorum
1089 1125 1127 1160 in
1147 1125 1274 1160 eadem
1294 1131 1395 1160 terra
1414 1131 1451 1160 et
1470 1125 1587 1160 eciam
1607 1138 1733 1160 omnes
1753 1125 1918 1161 homines

340 1211 429 1246 quos
447 1197 645 1233 habuerint
672 1196 734 1231 sub
762 1196 796 1229 se
824 1195 861 1229 in
890 1195 1018 1229 eadem
1047 1200 1146 1229 terra
1172 1193 1338 1228 sedentes
1366 1193 1475 1240 plene
1495 1202 1531 1228 et
1549 1193 1693 1241 integre
1712 1206 1777 1242 per
1796 1194 1919 1229 omnia

294 1264 298 1266 ’
339 1266 549 1314 persoluent
567 1264 726 1300 decimas
745 1263 825 1298 suas
844 1275 909 1309 per
929 1274 1054 1296 omnes
1075 1261 1312 1297 reaitudines
1335 1261 1477 1297 matrici
1498 1261 1648 1297 ecclesie
1668 1263 1712 1297 de
1732 1261 1918 1311 Cheldyn-

340 1334 425 1370 kirk
445 1340 517 1370 tam
538 1333 576 1368 in
596 1333 671 1368 vita
691 1344 798 1379 quam
825 1331 864 1366 in
891 1331 992 1365 obitu
1020 1329 1094 1364 flue
1121 1330 1306 1365 incolatur
1333 1329 1409 1378 ipsa
1435 1335 1535 1365 terra
1562 1343 1583 1365 a
1602 1331 1710 1365 domo
1730 1331 1775 1366 de
1797 1330 1918 1366 Soltre

340 1404 412 1440 siue
431 1416 505 1438 non
526 1423 533 1430 ·
552 1401 577 1437 fi
596 1407 718 1437 autem
745 1400 877 1435 fratres
904 1398 1045 1446 prefate
1065 1398 1192 1433 domus
1213 1398 1257 1433 de
1289 1397 1410 1434 Soltre
1434 1397 1507 1433 iam
1527 1399 1663 1434 dietam
1682 1405 1818 1435 terram
1839 1400 1919 1435 aliis

340 1473 509 1508 dederint
539 1471 597 1507 vel
624 1468 867 1506 vendederint
900 1468 960 1503 seu
993 1467 1109 1503 eciam
1137 1467 1184 1502 ad
1209 1466 1350 1502 firmam
1379 1466 1580 1503 dimiserint
1609 1480 1734 1503 omnes
1762 1468 1919 1504 decima-

340 1542 462 1577 ciones
482 1546 518 1577 et
536 1541 617 1575 iura
637 1537 881 1574 ecclesiastica
899 1536 1016 1573 tocius
1042 1536 1139 1571 illius
1164 1541 1262 1571 terre
1291 1542 1363 1571 tam
1384 1536 1430 1572 de
1448 1535 1558 1571 blado
1586 1549 1694 1583 quam
1722 1537 1767 1572 de
1787 1538 1919 1572 ceteris

342 1611 510 1647 omnibus
528 1609 694 1657 plenarie
715 1614 750 1643 et
768 1607 912 1655 integre
932 1606 970 1641 in
990 1605 1157 1641 omnibus
1184 1604 1329 1639 matrici
1359 1604 1509 1639 ecclesie
1529 1605 1784 1652 persoluentur
1804 1628 1811 1634 -
1830 1604 1919 1641 Pre-

343 1687 445 1716 terea
463 1679 513 1714 ita
536 1677 710 1714 conuenit
738 1676 833 1712 inter
859 1675 1003 1711 eosdem
1030 1674 1129 1721 quod
1156 1673 1181 1708 fi
1208 1673 1341 1708 fratres
1368 1673 1548 1720 sepedi&e
1574 1673 1702 1708 domus
1727 1673 1773 1708 de
1799 1673 1918 1708 Soltre

343 1749 472 1784 amodo
488 1747 625 1782 scilicet
645 1746 689 1781 ab
709 1758 805 1781 anno
825 1742 1097 1779 incarnacionis
1109 1740 1263 1776 Domini
1280 1740 1468 1776 millesimo
1488 1740 1583 1776 cc¹¹¹⁰²
1601 1741 1761 1788 aliquam
1781 1747 1916 1776 terram

343 1819 381 1853 in
400 1816 576 1865 parochia
594 1815 639 1850 de
661 1811 919 1862 Cheldynkirk
939 1812 983 1847 ad
1003 1811 1144 1846 firmam
1164 1810 1377 1858 acceperint
1396 1809 1454 1845 vel
1479 1822 1523 1845 ex
1543 1809 1697 1845 alicuius
1716 1810 1813 1845 dono
1833 1823 1916 1846 con-

343 1885 455 1922 secuti
474 1884 612 1919 suerint
638 1883 735 1918 inter
757 1881 958 1929 predictam
986 1885 1123 1915 terram
1149 1878 1333 1926 plenarias
1352 1878 1575 1913 donaciones
1603 1883 1639 1913 et
1665 1878 1748 1913 iura
1771 1878 1914 1914 ecclefi-

343 1954 453 1990 astica
478 1953 623 1999 integre
651 1952 689 1986 in
717 1950 885 1986 omnibus
913 1954 949 1984 et
974 1960 1040 1995 per
1059 1947 1184 1982 omnia
1209 1947 1355 1983 matrici
1383 1946 1532 1982 ecclesie
1551 1946 1596 1981 de
1615 1951 1715 1981 terra
1732 1946 1797 1981 illa
1815 1953 1851 1981 et
1871 1947 1916 1981 de

344 2021 510 2057 omnibus
529 2021 567 2055 in
586 2032 630 2055 ea
647 2018 857 2067 persoluent
876 2016 989 2052 filicet
1008 2021 1044 2051 et
1063 2015 1198 2062 vbique
1224 2015 1263 2051 in
1288 2015 1420 2050 nostris
1438 2014 1623 2062 parochiis
1642 2020 1678 2050 et
1696 2014 1785 2061 quid
1804 2014 1914 2050 habu-

345 2090 442 2126 erint
461 2095 533 2125 tam
549 2089 614 2136 ipfi
638 2100 747 2135 quam
774 2098 901 2122 eorum
928 2084 1127 2120 seruientes
1155 2089 1191 2119 et
1216 2083 1383 2119 homines
1403 2084 1447 2118 de
1474 2084 1509 2118 se
1537 2088 1703 2118 tenentes
1720 2102 1729 2110 ·
1747 2081 1792 2117 In
1812 2083 1915 2118 cuius

346 2164 465 2194 autem
493 2157 545 2192 rei
571 2155 814 2192 testimonium
841 2153 975 2201 scripto
1003 2151 1112 2199 ipfius
1139 2151 1402 2186 conuencionis
1429 2150 1546 2198 figilla
1572 2150 1759 2197 Vtriusque
1786 2150 1914 2185 domus

346 2226 431 2261 hinc
451 2231 486 2261 et
505 2225 590 2260 inde
610 2223 773 2272 apposita
787 2243 794 2250 ·
809 2222 880 2257 hiis
900 2221 1049 2256 testibus
1068 2219 1217 2255 domino
1235 2218 1444 2254 Laurencio
1463 2218 1723 2254 archidiacono
1742 2217 1913 2265 magistro

349 2293 533 2341 Stephano
569 2293 613 2328 de
650 2291 858 2327 Lilliscleue
895 2289 1008 2325 Petro
1044 2289 1088 2323 de
1126 2287 1236 2335 Haga
1265 2286 1454 2322 Willelmo
1484 2285 1582 2321 Albo
1614 2286 1659 2320 de
1691 2285 1912 2321 Hertissiede

347 2360 542 2408 Radulpho
560 2360 719 2396 masculo
738 2358 906 2395 Waltero
926 2355 1122 2392 senescallo
1141 2356 1186 2391 de
1205 2355 1231 2391 J
1234 2354 1398 2390 edworth
1417 2360 1452 2391 et
1470 2353 1594 2390 multis
1613 2353 1705 2389 aliis.

541 2438 747 2470 ¹Fuleweth5uis.
781 2437 878 2462 Libido
892 2436 1034 2468 Dryburyh.
1271 2435 1437 2459 ²moccoxx0.
1471 2433 1524 2458 Lib.
1539 2432 1721 2465 deDr-yburyh.
