<?xml version="1.0" encoding="UTF-8"?>
<!DOCTYPE html PUBLIC "-//W3C//DTD XHTML 1.0 Transitional//EN"
    "http://www.w3.org/TR/xhtml1/DTD/xhtml1-transitional.dtd">
<html xmlns="http://www.w3.org/1999/xhtml" xml:lang="en" lang="en">
 <head>
  <title>
</title>
<meta http-equiv="Content-Type" content="text/html;charset=utf-8" />
  <meta name='ocr-system' content='tesseract 3.04.00' />
  <meta name='ocr-capabilities' content='ocr_page ocr_carea ocr_par ocr_line ocrx_word'/>
</head>
<body>
  <div class='ocr_page' id='page_1' title='image "./registrumdomusde00lain_0203.png"; bbox 0 0 2147 2964; ppageno 0'>
   <div class='ocr_carea' id='block_1_1' title="bbox 99 2287 156 2319">
    <p class='ocr_par' dir='ltr' id='par_1_1' title="bbox 99 2287 156 2319">
     <span class='ocr_line' id='line_1_1' title="bbox 99 2287 156 2319; baseline 0 0"><span class='ocrx_word' id='word_1_1' title='bbox 99 2287 156 2319; x_wconf 85' lang='lat'>33.</span> 
     </span>
    </p>
   </div>
   <div class='ocr_carea' id='block_1_2' title="bbox 734 297 1784 342">
    <p class='ocr_par' dir='ltr' id='par_1_2' title="bbox 734 297 1784 342">
     <span class='ocr_line' id='line_1_2' title="bbox 734 297 1784 342; baseline 0.005 -7"><span class='ocrx_word' id='word_1_2' title='bbox 734 298 924 336; x_wconf 93' lang='lat' dir='ltr'>DOMUS</span> <span class='ocrx_word' id='word_1_3' title='bbox 950 298 1021 334; x_wconf 89' lang='lat' dir='ltr'>DE</span> <span class='ocrx_word' id='word_1_4' title='bbox 1050 297 1266 335; x_wconf 88' lang='lat' dir='ltr'>SOLTRE.</span> <span class='ocrx_word' id='word_1_5' title='bbox 1740 306 1784 342; x_wconf 79' lang='grc'>27</span> 
     </span>
    </p>
   </div>
   <div class='ocr_carea' id='block_1_3' title="bbox 220 476 1237 526">
    <p class='ocr_par' dir='ltr' id='par_1_3' title="bbox 220 476 1237 526">
     <span class='ocr_line' id='line_1_3' title="bbox 220 476 1237 526; baseline -0.003 -10"><span class='ocrx_word' id='word_1_6' title='bbox 220 479 334 517; x_wconf 86' lang='lat' dir='ltr'>Carta</span> <span class='ocrx_word' id='word_1_7' title='bbox 352 479 502 516; x_wconf 90' lang='lat' dir='ltr'>Viniani</span> <span class='ocrx_word' id='word_1_8' title='bbox 520 479 565 514; x_wconf 93' lang='lat' dir='ltr'>de</span> <span class='ocrx_word' id='word_1_9' title='bbox 584 477 771 526; x_wconf 79' lang='lat' dir='ltr'>Mulineys</span> <span class='ocrx_word' id='word_1_10' title='bbox 790 478 835 513; x_wconf 91' lang='lat' dir='ltr'>de</span> <span class='ocrx_word' id='word_1_11' title='bbox 855 477 962 514; x_wconf 87' lang='lat' dir='ltr'>terris</span> <span class='ocrx_word' id='word_1_12' title='bbox 981 477 1026 513; x_wconf 91' lang='lat' dir='ltr'>de</span> <span class='ocrx_word' id='word_1_13' title='bbox 1048 476 1237 514; x_wconf 83' lang='lat' dir='ltr'>Saultoun.</span> 
     </span>
    </p>
   </div>
   <div class='ocr_carea' id='block_1_4' title="bbox 212 582 1780 2004">
    <p class='ocr_par' dir='ltr' id='par_1_4' title="bbox 212 582 1780 2004">
     <span class='ocr_line' id='line_1_4' title="bbox 217 582 1780 643; baseline 0 -10"><span class='ocrx_word' id='word_1_14' title='bbox 217 582 423 634; x_wconf 85' lang='lat' dir='ltr'>Vniuerfis</span> <span class='ocrx_word' id='word_1_15' title='bbox 440 596 573 633; x_wconf 90' lang='lat' dir='ltr'>Christi</span> <span class='ocrx_word' id='word_1_16' title='bbox 591 596 759 632; x_wconf 88' lang='lat' dir='ltr'>fidelibus</span> <span class='ocrx_word' id='word_1_17' title='bbox 777 596 924 643; x_wconf 83' lang='lat' dir='ltr'><strong>presens</strong></span> <span class='ocrx_word' id='word_1_18' title='bbox 943 596 1114 643; x_wconf 81' lang='lat' dir='ltr'>scriptum</span> <span class='ocrx_word' id='word_1_19' title='bbox 1130 596 1257 631; x_wconf 86' lang='lat' dir='ltr'>visuris</span> <span class='ocrx_word' id='word_1_20' title='bbox 1274 596 1331 631; x_wconf 87' lang='lat' dir='ltr'>vel</span> <span class='ocrx_word' id='word_1_21' title='bbox 1345 597 1524 633; x_wconf 84' lang='lat' dir='ltr'>audituris</span> <span class='ocrx_word' id='word_1_22' title='bbox 1540 597 1722 633; x_wconf 84' lang='lat' dir='ltr'>Vinianus</span> <span class='ocrx_word' id='word_1_23' title='bbox 1737 598 1780 633; x_wconf 86' lang='lat' dir='ltr'>de</span> 
     </span>
     <span class='ocr_line' id='line_1_5' title="bbox 215 663 1780 713; baseline 0.001 -13"><span class='ocrx_word' id='word_1_24' title='bbox 215 665 400 713; x_wconf 85' lang='lat' dir='ltr'>Mulineys</span> <span class='ocrx_word' id='word_1_25' title='bbox 415 664 518 699; x_wconf 90' lang='lat' dir='ltr'>miles</span> <span class='ocrx_word' id='word_1_26' title='bbox 533 664 683 700; x_wconf 84' lang='lat' dir='ltr'>salutem</span> <span class='ocrx_word' id='word_1_27' title='bbox 697 683 704 691; x_wconf 95' lang='lat'><strong>·</strong></span> <span class='ocrx_word' id='word_1_28' title='bbox 717 663 908 699; x_wconf 83' lang='lat' dir='ltr'>Noueritis</span> <span class='ocrx_word' id='word_1_29' title='bbox 923 676 979 699; x_wconf 88' lang='lat' dir='ltr'>me</span> <span class='ocrx_word' id='word_1_30' title='bbox 994 663 1119 699; x_wconf 87' lang='lat' dir='ltr'>diuine</span> <span class='ocrx_word' id='word_1_31' title='bbox 1138 664 1283 710; x_wconf 81' lang='lat' dir='ltr'>pietatis</span> <span class='ocrx_word' id='word_1_32' title='bbox 1298 664 1431 700; x_wconf 87' lang='lat' dir='ltr'>intuitu</span> <span class='ocrx_word' id='word_1_33' title='bbox 1445 671 1480 700; x_wconf 85' lang='lat' dir='ltr'>et</span> <span class='ocrx_word' id='word_1_34' title='bbox 1495 678 1561 712; x_wconf 88' lang='lat' dir='ltr'>pro</span> <span class='ocrx_word' id='word_1_35' title='bbox 1578 666 1690 701; x_wconf 79' lang='lat' dir='ltr'>salute</span> <span class='ocrx_word' id='word_1_36' title='bbox 1706 667 1780 701; x_wconf 80' lang='lat' dir='ltr'>ani-</span> 
     </span>
     <span class='ocr_line' id='line_1_6' title="bbox 213 730 1780 781; baseline 0.001 -13"><span class='ocrx_word' id='word_1_37' title='bbox 213 745 353 768; x_wconf 84' lang='lat' dir='ltr'>marum</span> <span class='ocrx_word' id='word_1_38' title='bbox 373 732 601 768; x_wconf 89' lang='lat' dir='ltr'>dominorum</span> <span class='ocrx_word' id='word_1_39' title='bbox 621 743 783 766; x_wconf 86' lang='lat' dir='ltr'>meorum</span> <span class='ocrx_word' id='word_1_40' title='bbox 804 731 940 766; x_wconf 85' lang='lat' dir='ltr'>scilieet</span> <span class='ocrx_word' id='word_1_41' title='bbox 958 730 1117 766; x_wconf 82' lang='lat' dir='ltr'>Rolandi</span> <span class='ocrx_word' id='word_1_42' title='bbox 1139 737 1174 767; x_wconf 84' lang='lat' dir='ltr'>et</span> <span class='ocrx_word' id='word_1_43' title='bbox 1192 731 1303 766; x_wconf 88' lang='lat' dir='ltr'>Alani</span> <span class='ocrx_word' id='word_1_44' title='bbox 1322 732 1367 766; x_wconf 91' lang='lat' dir='ltr'>de</span> <span class='ocrx_word' id='word_1_45' title='bbox 1389 732 1542 780; x_wconf 79' lang='lat' dir='ltr'>Galwey</span> <span class='ocrx_word' id='word_1_46' title='bbox 1562 739 1598 768; x_wconf 79' lang='lat' dir='ltr'>et</span> <span class='ocrx_word' id='word_1_47' title='bbox 1618 746 1684 781; x_wconf 87' lang='lat' dir='ltr'>pro</span> <span class='ocrx_word' id='word_1_48' title='bbox 1705 735 1780 769; x_wconf 84' lang='lat' dir='ltr'>ani-</span> 
     </span>
     <span class='ocr_line' id='line_1_7' title="bbox 214 799 1780 848; baseline 0.001 -12"><span class='ocrx_word' id='word_1_49' title='bbox 214 801 339 836; x_wconf 87' lang='lat' dir='ltr'>mabus</span> <span class='ocrx_word' id='word_1_50' title='bbox 366 802 525 836; x_wconf 86' lang='lat' dir='ltr'>omnium</span> <span class='ocrx_word' id='word_1_51' title='bbox 553 799 814 836; x_wconf 79' lang='lat' dir='ltr'>antecessorum</span> <span class='ocrx_word' id='word_1_52' title='bbox 842 805 878 835; x_wconf 85' lang='lat' dir='ltr'>et</span> <span class='ocrx_word' id='word_1_53' title='bbox 902 799 1140 835; x_wconf 67' lang='lat' dir='ltr'>successorum</span> <span class='ocrx_word' id='word_1_54' title='bbox 1167 812 1331 835; x_wconf 89' lang='lat' dir='ltr'>meorum</span> <span class='ocrx_word' id='word_1_55' title='bbox 1358 812 1502 835; x_wconf 80' lang='lat' dir='ltr'>necnon</span> <span class='ocrx_word' id='word_1_56' title='bbox 1528 806 1564 835; x_wconf 89' lang='lat' dir='ltr'>et</span> <span class='ocrx_word' id='word_1_57' title='bbox 1581 813 1648 848; x_wconf 90' lang='lat' dir='ltr'>pro</span> <span class='ocrx_word' id='word_1_58' title='bbox 1667 801 1780 838; x_wconf 84' lang='lat' dir='ltr'>salute</span> 
     </span>
     <span class='ocr_line' id='line_1_8' title="bbox 213 867 1778 905; baseline 0.001 -1"><span class='ocrx_word' id='word_1_59' title='bbox 213 869 332 904; x_wconf 87' lang='lat' dir='ltr'>anime</span> <span class='ocrx_word' id='word_1_60' title='bbox 350 881 428 904; x_wconf 89' lang='lat' dir='ltr'>mee</span> <span class='ocrx_word' id='word_1_61' title='bbox 447 868 581 904; x_wconf 75' lang='lat' dir='ltr'>dedisse</span> <span class='ocrx_word' id='word_1_62' title='bbox 600 874 637 904; x_wconf 87' lang='lat' dir='ltr'>et</span> <span class='ocrx_word' id='word_1_63' title='bbox 655 867 858 904; x_wconf 82' lang='lat' dir='ltr'>eoneeflifl&#39;e</span> <span class='ocrx_word' id='word_1_64' title='bbox 878 874 914 903; x_wconf 88' lang='lat' dir='ltr'>et</span> <span class='ocrx_word' id='word_1_65' title='bbox 933 868 1003 903; x_wconf 87' lang='lat' dir='ltr'>hae</span> <span class='ocrx_word' id='word_1_66' title='bbox 1021 873 1124 903; x_wconf 84' lang='lat' dir='ltr'>carta</span> <span class='ocrx_word' id='word_1_67' title='bbox 1150 880 1231 903; x_wconf 85' lang='lat' dir='ltr'>mea</span> <span class='ocrx_word' id='word_1_68' title='bbox 1257 868 1481 903; x_wconf 75' lang='lat' dir='ltr'>confirmasse</span> <span class='ocrx_word' id='word_1_69' title='bbox 1500 868 1583 904; x_wconf 88' lang='lat' dir='ltr'>Deo</span> <span class='ocrx_word' id='word_1_70' title='bbox 1603 875 1638 904; x_wconf 83' lang='lat' dir='ltr'>et</span> <span class='ocrx_word' id='word_1_71' title='bbox 1657 870 1778 905; x_wconf 90' lang='lat' dir='ltr'>domui</span> 
     </span>
     <span class='ocr_line' id='line_1_9' title="bbox 214 935 1780 986; baseline 0.001 -14"><span class='ocrx_word' id='word_1_72' title='bbox 214 935 345 972; x_wconf 61' lang='lat' dir='ltr'>Sanete</span> <span class='ocrx_word' id='word_1_73' title='bbox 365 935 560 972; x_wconf 80' lang='lat' dir='ltr'>Trinitatis</span> <span class='ocrx_word' id='word_1_74' title='bbox 579 936 623 971; x_wconf 89' lang='lat' dir='ltr'>de</span> <span class='ocrx_word' id='word_1_75' title='bbox 645 935 764 972; x_wconf 88' lang='lat' dir='ltr'>Soltre</span> <span class='ocrx_word' id='word_1_76' title='bbox 784 942 820 972; x_wconf 89' lang='lat' dir='ltr'>et</span> <span class='ocrx_word' id='word_1_77' title='bbox 837 936 1012 972; x_wconf 82' lang='lat' dir='ltr'>fratribus</span> <span class='ocrx_word' id='word_1_78' title='bbox 1030 935 1166 971; x_wconf 86' lang='lat' dir='ltr'>ibidem</span> <span class='ocrx_word' id='word_1_79' title='bbox 1185 935 1268 971; x_wconf 91' lang='lat' dir='ltr'>Deo</span> <span class='ocrx_word' id='word_1_80' title='bbox 1286 936 1527 972; x_wconf 78' lang='lat' dir='ltr'>seruientibus</span> <span class='ocrx_word' id='word_1_81' title='bbox 1547 943 1582 972; x_wconf 89' lang='lat' dir='ltr'>et</span> <span class='ocrx_word' id='word_1_82' title='bbox 1600 937 1780 986; x_wconf 84' lang='lat' dir='ltr'>imperpe-</span> 
     </span>
     <span class='ocr_line' id='line_1_10' title="bbox 213 1003 1779 1051; baseline 0.003 -13"><span class='ocrx_word' id='word_1_83' title='bbox 213 1009 312 1039; x_wconf 80' lang='lat' dir='ltr'>tuum</span> <span class='ocrx_word' id='word_1_84' title='bbox 340 1003 528 1039; x_wconf 83' lang='lat' dir='ltr'>seruituris</span> <span class='ocrx_word' id='word_1_85' title='bbox 547 1009 659 1039; x_wconf 83' lang='lat' dir='ltr'>totam</span> <span class='ocrx_word' id='word_1_86' title='bbox 680 1010 814 1040; x_wconf 82' lang='lat' dir='ltr'>terram</span> <span class='ocrx_word' id='word_1_87' title='bbox 834 1017 950 1040; x_wconf 81' lang='lat' dir='ltr'>meam</span> <span class='ocrx_word' id='word_1_88' title='bbox 971 1005 1016 1040; x_wconf 89' lang='lat' dir='ltr'>de</span> <span class='ocrx_word' id='word_1_89' title='bbox 1037 1003 1215 1040; x_wconf 87' lang='lat' dir='ltr'>Saultoun</span> <span class='ocrx_word' id='word_1_90' title='bbox 1234 1017 1300 1051; x_wconf 87' lang='lat' dir='ltr'>per</span> <span class='ocrx_word' id='word_1_91' title='bbox 1318 1005 1397 1041; x_wconf 81' lang='lat' dir='ltr'>suas</span> <span class='ocrx_word' id='word_1_92' title='bbox 1412 1008 1528 1041; x_wconf 55' lang='lat' dir='ltr'>mettas</span> <span class='ocrx_word' id='word_1_93' title='bbox 1542 1006 1672 1041; x_wconf 84' lang='lat' dir='ltr'>diuisas</span> <span class='ocrx_word' id='word_1_94' title='bbox 1692 1007 1779 1043; x_wconf 83' lang='lat' dir='ltr'>ficut</span> 
     </span>
     <span class='ocr_line' id='line_1_11' title="bbox 212 1071 1779 1122; baseline 0.003 -16"><span class='ocrx_word' id='word_1_95' title='bbox 212 1071 418 1107; x_wconf 86' lang='lat' dir='ltr'>mensurata</span> <span class='ocrx_word' id='word_1_96' title='bbox 431 1072 500 1107; x_wconf 83' lang='lat' dir='ltr'>fuit</span> <span class='ocrx_word' id='word_1_97' title='bbox 513 1084 580 1119; x_wconf 87' lang='lat' dir='ltr'>per</span> <span class='ocrx_word' id='word_1_98' title='bbox 593 1072 778 1107; x_wconf 89' lang='lat' dir='ltr'>dominum</span> <span class='ocrx_word' id='word_1_99' title='bbox 793 1072 999 1108; x_wconf 55' lang='lat' dir='ltr'>lValterum</span> <span class='ocrx_word' id='word_1_100' title='bbox 1017 1072 1163 1109; x_wconf 85' lang='lat' dir='ltr'>Olifard</span> <span class='ocrx_word' id='word_1_101' title='bbox 1179 1073 1416 1109; x_wconf 81' lang='lat' dir='ltr'>iustieiarium</span> <span class='ocrx_word' id='word_1_102' title='bbox 1435 1073 1624 1110; x_wconf 85' lang='lat' dir='ltr'>Laudonie</span> <span class='ocrx_word' id='word_1_103' title='bbox 1639 1076 1684 1110; x_wconf 89' lang='lat' dir='ltr'>de</span> <span class='ocrx_word' id='word_1_104' title='bbox 1699 1088 1779 1122; x_wconf 90' lang='lat' dir='ltr'>pre-</span> 
     </span>
     <span class='ocr_line' id='line_1_12' title="bbox 213 1139 1779 1190; baseline 0.003 -16"><span class='ocrx_word' id='word_1_105' title='bbox 213 1144 318 1186; x_wconf 84' lang='lat' dir='ltr'>cepto</span> <span class='ocrx_word' id='word_1_106' title='bbox 338 1139 475 1175; x_wconf 87' lang='lat' dir='ltr'>domini</span> <span class='ocrx_word' id='word_1_107' title='bbox 494 1140 592 1187; x_wconf 84' lang='lat' dir='ltr'>regis</span> <span class='ocrx_word' id='word_1_108' title='bbox 610 1140 710 1176; x_wconf 82' lang='lat' dir='ltr'>illam</span> <span class='ocrx_word' id='word_1_109' title='bbox 730 1140 865 1176; x_wconf 80' lang='lat' dir='ltr'>seilicet</span> <span class='ocrx_word' id='word_1_110' title='bbox 883 1153 953 1188; x_wconf 89' lang='lat' dir='ltr'>que</span> <span class='ocrx_word' id='word_1_111' title='bbox 972 1141 1058 1177; x_wconf 79' lang='lat' dir='ltr'>data</span> <span class='ocrx_word' id='word_1_112' title='bbox 1077 1141 1145 1177; x_wconf 81' lang='lat' dir='ltr'>fuit</span> <span class='ocrx_word' id='word_1_113' title='bbox 1163 1141 1249 1177; x_wconf 87' lang='lat' dir='ltr'>mihi</span> <span class='ocrx_word' id='word_1_114' title='bbox 1268 1144 1302 1177; x_wconf 89' lang='lat' dir='ltr'>in</span> <span class='ocrx_word' id='word_1_115' title='bbox 1323 1142 1577 1178; x_wconf 84' lang='lat' dir='ltr'>exehambium</span> <span class='ocrx_word' id='word_1_116' title='bbox 1596 1155 1662 1190; x_wconf 86' lang='lat' dir='ltr'>pro</span> <span class='ocrx_word' id='word_1_117' title='bbox 1682 1149 1779 1179; x_wconf 80' lang='lat' dir='ltr'>terra</span> 
     </span>
     <span class='ocr_line' id='line_1_13' title="bbox 213 1207 1779 1259; baseline 0.003 -17"><span class='ocrx_word' id='word_1_118' title='bbox 213 1219 293 1242; x_wconf 83' lang='lat' dir='ltr'>mea</span> <span class='ocrx_word' id='word_1_119' title='bbox 311 1208 356 1242; x_wconf 88' lang='lat' dir='ltr'>de</span> <span class='ocrx_word' id='word_1_120' title='bbox 377 1207 543 1244; x_wconf 85' lang='lat' dir='ltr'>Collilaw</span> <span class='ocrx_word' id='word_1_121' title='bbox 563 1221 671 1255; x_wconf 86' lang='lat' dir='ltr'>quam</span> <span class='ocrx_word' id='word_1_122' title='bbox 690 1209 784 1244; x_wconf 91' lang='lat' dir='ltr'>bone</span> <span class='ocrx_word' id='word_1_123' title='bbox 809 1209 982 1244; x_wconf 83' lang='lat' dir='ltr'>memorie</span> <span class='ocrx_word' id='word_1_124' title='bbox 1002 1209 1145 1245; x_wconf 85' lang='lat' dir='ltr'>Alanus</span> <span class='ocrx_word' id='word_1_125' title='bbox 1164 1210 1348 1256; x_wconf 86' lang='lat' dir='ltr'>quondam</span> <span class='ocrx_word' id='word_1_126' title='bbox 1367 1211 1412 1246; x_wconf 90' lang='lat' dir='ltr'>de</span> <span class='ocrx_word' id='word_1_127' title='bbox 1433 1210 1586 1259; x_wconf 83' lang='lat' dir='ltr'>Galwey</span> <span class='ocrx_word' id='word_1_128' title='bbox 1606 1212 1694 1246; x_wconf 88' lang='lat' dir='ltr'>mihi</span> <span class='ocrx_word' id='word_1_129' title='bbox 1713 1225 1779 1259; x_wconf 88' lang='lat' dir='ltr'>pro</span> 
     </span>
     <span class='ocr_line' id='line_1_14' title="bbox 212 1275 1779 1327; baseline 0.004 -17"><span class='ocrx_word' id='word_1_130' title='bbox 212 1275 382 1323; x_wconf 82' lang='lat' dir='ltr'>homagio</span> <span class='ocrx_word' id='word_1_131' title='bbox 402 1281 438 1311; x_wconf 87' lang='lat' dir='ltr'>et</span> <span class='ocrx_word' id='word_1_132' title='bbox 462 1276 611 1311; x_wconf 80' lang='lat' dir='ltr'>seruicio</span> <span class='ocrx_word' id='word_1_133' title='bbox 638 1288 720 1311; x_wconf 90' lang='lat' dir='ltr'>meo</span> <span class='ocrx_word' id='word_1_134' title='bbox 748 1276 849 1312; x_wconf 82' lang='lat' dir='ltr'>dedit</span> <span class='ocrx_word' id='word_1_135' title='bbox 880 1290 962 1312; x_wconf 87' lang='lat' dir='ltr'>cum</span> <span class='ocrx_word' id='word_1_136' title='bbox 990 1278 1155 1313; x_wconf 85' lang='lat' dir='ltr'>omnibus</span> <span class='ocrx_word' id='word_1_137' title='bbox 1174 1279 1411 1325; x_wconf 80' lang='lat' dir='ltr'>pertinenciis</span> <span class='ocrx_word' id='word_1_138' title='bbox 1431 1285 1467 1314; x_wconf 85' lang='lat' dir='ltr'>et</span> <span class='ocrx_word' id='word_1_139' title='bbox 1486 1279 1714 1327; x_wconf 77' lang='lat' dir='ltr'>aysiamentis</span> <span class='ocrx_word' id='word_1_140' title='bbox 1734 1282 1779 1316; x_wconf 86' lang='lat' dir='ltr'>ad</span> 
     </span>
     <span class='ocr_line' id='line_1_15' title="bbox 213 1343 1778 1394; baseline 0.005 -17"><span class='ocrx_word' id='word_1_141' title='bbox 213 1343 412 1390; x_wconf 69' lang='lat' dir='ltr'>predi6tam</span> <span class='ocrx_word' id='word_1_142' title='bbox 428 1349 563 1378; x_wconf 86' lang='lat' dir='ltr'>terram</span> <span class='ocrx_word' id='word_1_143' title='bbox 579 1343 675 1378; x_wconf 86' lang='lat' dir='ltr'>infra</span> <span class='ocrx_word' id='word_1_144' title='bbox 689 1343 811 1379; x_wconf 84' lang='lat' dir='ltr'>villam</span> <span class='ocrx_word' id='word_1_145' title='bbox 829 1350 864 1379; x_wconf 91' lang='lat' dir='ltr'>et</span> <span class='ocrx_word' id='word_1_146' title='bbox 879 1350 983 1380; x_wconf 86' lang='lat' dir='ltr'>extra</span> <span class='ocrx_word' id='word_1_147' title='bbox 998 1347 1264 1393; x_wconf 88' lang='lat' dir='ltr'>pertinentibus</span> <span class='ocrx_word' id='word_1_148' title='bbox 1280 1347 1337 1382; x_wconf 85' lang='lat' dir='ltr'>vel</span> <span class='ocrx_word' id='word_1_149' title='bbox 1353 1347 1539 1394; x_wconf 87' lang='lat' dir='ltr'>pertinere</span> <span class='ocrx_word' id='word_1_150' title='bbox 1556 1349 1778 1385; x_wconf 87' lang='lat' dir='ltr'>valentibus·</span> 
     </span>
     <span class='ocr_line' id='line_1_16' title="bbox 215 1410 1779 1465; baseline 0.005 -20"><span class='ocrx_word' id='word_1_151' title='bbox 215 1410 431 1446; x_wconf 86' lang='lat' dir='ltr'>Tenendam</span> <span class='ocrx_word' id='word_1_152' title='bbox 451 1417 486 1447; x_wconf 87' lang='lat' dir='ltr'>et</span> <span class='ocrx_word' id='word_1_153' title='bbox 504 1411 710 1447; x_wconf 79' lang='lat' dir='ltr'>habendam</span> <span class='ocrx_word' id='word_1_154' title='bbox 729 1412 766 1447; x_wconf 88' lang='lat' dir='ltr'>in</span> <span class='ocrx_word' id='word_1_155' title='bbox 784 1419 998 1460; x_wconf 85' lang='lat' dir='ltr'>perpetuam</span> <span class='ocrx_word' id='word_1_156' title='bbox 1018 1414 1240 1450; x_wconf 81' lang='lat' dir='ltr'>elimosinam</span> <span class='ocrx_word' id='word_1_157' title='bbox 1260 1415 1306 1450; x_wconf 81' lang='lat' dir='ltr'>ad</span> <span class='ocrx_word' id='word_1_158' title='bbox 1325 1414 1625 1452; x_wconf 79' lang='lat' dir='ltr'>sustentacionem</span> <span class='ocrx_word' id='word_1_159' title='bbox 1645 1430 1779 1465; x_wconf 84' lang='lat' dir='ltr'>paupe-</span> 
     </span>
     <span class='ocr_line' id='line_1_17' title="bbox 214 1480 1778 1529; baseline 0.004 -15"><span class='ocrx_word' id='word_1_160' title='bbox 214 1492 294 1515; x_wconf 84' lang='lat' dir='ltr'>rum</span> <span class='ocrx_word' id='word_1_161' title='bbox 316 1486 352 1515; x_wconf 90' lang='lat' dir='ltr'>et</span> <span class='ocrx_word' id='word_1_162' title='bbox 369 1481 646 1527; x_wconf 84' lang='lat' dir='ltr'>peregrinorum</span> <span class='ocrx_word' id='word_1_163' title='bbox 665 1480 799 1516; x_wconf 84' lang='lat' dir='ltr'>ibidem</span> <span class='ocrx_word' id='word_1_164' title='bbox 819 1482 1084 1517; x_wconf 86' lang='lat' dir='ltr'>confluencium</span> <span class='ocrx_word' id='word_1_165' title='bbox 1104 1482 1217 1517; x_wconf 86' lang='lat' dir='ltr'>libere</span> <span class='ocrx_word' id='word_1_166' title='bbox 1237 1489 1272 1518; x_wconf 85' lang='lat' dir='ltr'>et</span> <span class='ocrx_word' id='word_1_167' title='bbox 1291 1483 1412 1529; x_wconf 90' lang='lat' dir='ltr'>quiete</span> <span class='ocrx_word' id='word_1_168' title='bbox 1433 1485 1477 1519; x_wconf 82' lang='lat' dir='ltr'>ab</span> <span class='ocrx_word' id='word_1_169' title='bbox 1497 1485 1663 1520; x_wconf 88' lang='lat' dir='ltr'>omnibus</span> <span class='ocrx_word' id='word_1_170' title='bbox 1683 1487 1778 1521; x_wconf 84' lang='lat' dir='ltr'>secu-</span> 
     </span>
     <span class='ocr_line' id='line_1_18' title="bbox 214 1547 1778 1589; baseline 0.004 -7"><span class='ocrx_word' id='word_1_171' title='bbox 214 1547 349 1583; x_wconf 85' lang='lat' dir='ltr'>laribus</span> <span class='ocrx_word' id='word_1_172' title='bbox 369 1548 529 1583; x_wconf 86' lang='lat' dir='ltr'>seruieiis</span> <span class='ocrx_word' id='word_1_173' title='bbox 545 1550 799 1584; x_wconf 82' lang='lat' dir='ltr'>exaccionibus</span> <span class='ocrx_word' id='word_1_174' title='bbox 815 1549 1132 1585; x_wconf 85' lang='lat' dir='ltr'>consuetudinibus</span> <span class='ocrx_word' id='word_1_175' title='bbox 1149 1557 1184 1586; x_wconf 87' lang='lat' dir='ltr'>et</span> <span class='ocrx_word' id='word_1_176' title='bbox 1200 1551 1389 1586; x_wconf 76' lang='lat' dir='ltr'>domandis</span> <span class='ocrx_word' id='word_1_177' title='bbox 1405 1551 1501 1587; x_wconf 83' lang='lat' dir='ltr'>saluo</span> <span class='ocrx_word' id='word_1_178' title='bbox 1519 1552 1696 1588; x_wconf 86' lang='lat' dir='ltr'>forinseco</span> <span class='ocrx_word' id='word_1_179' title='bbox 1711 1554 1778 1589; x_wconf 83' lang='lat' dir='ltr'>ser-</span> 
     </span>
     <span class='ocr_line' id='line_1_19' title="bbox 214 1616 1779 1666; baseline 0.004 -15"><span class='ocrx_word' id='word_1_180' title='bbox 214 1616 309 1652; x_wconf 90' lang='lat' dir='ltr'>uieio</span> <span class='ocrx_word' id='word_1_181' title='bbox 328 1622 437 1663; x_wconf 83' lang='lat' dir='ltr'>prout</span> <span class='ocrx_word' id='word_1_182' title='bbox 456 1617 491 1651; x_wconf 91' lang='lat' dir='ltr'>in</span> <span class='ocrx_word' id='word_1_183' title='bbox 511 1622 613 1652; x_wconf 84' lang='lat' dir='ltr'>carta</span> <span class='ocrx_word' id='word_1_184' title='bbox 632 1617 766 1652; x_wconf 88' lang='lat' dir='ltr'>domini</span> <span class='ocrx_word' id='word_1_185' title='bbox 785 1617 855 1652; x_wconf 85' lang='lat' dir='ltr'>mei</span> <span class='ocrx_word' id='word_1_186' title='bbox 874 1618 986 1653; x_wconf 86' lang='lat' dir='ltr'>Alani</span> <span class='ocrx_word' id='word_1_187' title='bbox 1004 1618 1047 1653; x_wconf 90' lang='lat' dir='ltr'>de</span> <span class='ocrx_word' id='word_1_188' title='bbox 1066 1618 1218 1666; x_wconf 73' lang='lat' dir='ltr'>Galwey</span> <span class='ocrx_word' id='word_1_189' title='bbox 1239 1619 1447 1654; x_wconf 79' lang='lat' dir='ltr'>continetur</span> <span class='ocrx_word' id='word_1_190' title='bbox 1467 1641 1474 1648; x_wconf 91' lang='lat'><em>-</em></span> <span class='ocrx_word' id='word_1_191' title='bbox 1489 1619 1537 1655; x_wconf 87' lang='lat' dir='ltr'>Et</span> <span class='ocrx_word' id='word_1_192' title='bbox 1558 1627 1595 1656; x_wconf 86' lang='lat' dir='ltr'>vt</span> <span class='ocrx_word' id='word_1_193' title='bbox 1614 1621 1681 1657; x_wconf 84' lang='lat' dir='ltr'>ista</span> <span class='ocrx_word' id='word_1_194' title='bbox 1699 1635 1779 1657; x_wconf 77' lang='lat' dir='ltr'>mea</span> 
     </span>
     <span class='ocr_line' id='line_1_20' title="bbox 213 1685 1778 1736; baseline 0.004 -17"><span class='ocrx_word' id='word_1_195' title='bbox 213 1685 369 1720; x_wconf 86' lang='lat' dir='ltr'>donacio</span> <span class='ocrx_word' id='word_1_196' title='bbox 387 1685 499 1720; x_wconf 81' lang='lat' dir='ltr'>robur</span> <span class='ocrx_word' id='word_1_197' title='bbox 517 1691 693 1732; x_wconf 73' lang='lat' dir='ltr'>perpetue</span> <span class='ocrx_word' id='word_1_198' title='bbox 713 1685 892 1721; x_wconf 80' lang='lat' dir='ltr'>firmitatis</span> <span class='ocrx_word' id='word_1_199' title='bbox 912 1686 1075 1733; x_wconf 82' lang='lat' dir='ltr'>optineat</span> <span class='ocrx_word' id='word_1_200' title='bbox 1093 1687 1239 1733; x_wconf 84' lang='lat' dir='ltr'>presens</span> <span class='ocrx_word' id='word_1_201' title='bbox 1260 1687 1428 1734; x_wconf 85' lang='lat' dir='ltr'>seriptum</span> <span class='ocrx_word' id='word_1_202' title='bbox 1450 1688 1556 1736; x_wconf 78' lang='lat' dir='ltr'>sigilli</span> <span class='ocrx_word' id='word_1_203' title='bbox 1575 1690 1645 1725; x_wconf 85' lang='lat' dir='ltr'>mei</span> <span class='ocrx_word' id='word_1_204' title='bbox 1664 1693 1778 1726; x_wconf 89' lang='lat' dir='ltr'>muni-</span> 
     </span>
     <span class='ocr_line' id='line_1_21' title="bbox 214 1752 1778 1807; baseline 0.004 -20"><span class='ocrx_word' id='word_1_205' title='bbox 214 1752 310 1787; x_wconf 87' lang='lat' dir='ltr'>mine</span> <span class='ocrx_word' id='word_1_206' title='bbox 336 1753 508 1788; x_wconf 86' lang='lat' dir='ltr'>roboraui</span> <span class='ocrx_word' id='word_1_207' title='bbox 528 1773 534 1779; x_wconf 95' lang='lat'>·</span> <span class='ocrx_word' id='word_1_208' title='bbox 553 1752 621 1788; x_wconf 76' lang='lat' dir='ltr'>hiis</span> <span class='ocrx_word' id='word_1_209' title='bbox 644 1753 794 1789; x_wconf 86' lang='lat' dir='ltr'>testibus</span> <span class='ocrx_word' id='word_1_210' title='bbox 822 1754 968 1788; x_wconf 86' lang='lat' dir='ltr'>domino</span> <span class='ocrx_word' id='word_1_211' title='bbox 995 1754 1054 1790; x_wconf 88' lang='lat' dir='ltr'>W.</span> <span class='ocrx_word' id='word_1_212' title='bbox 1079 1755 1245 1802; x_wconf 80' lang='lat' dir='ltr'>episeopo</span> <span class='ocrx_word' id='word_1_213' title='bbox 1277 1756 1489 1804; x_wconf 65' lang='lat' dir='ltr'>Glasguenfi</span> <span class='ocrx_word' id='word_1_214' title='bbox 1516 1758 1653 1793; x_wconf 88' lang='lat' dir='ltr'>domini</span> <span class='ocrx_word' id='word_1_215' title='bbox 1682 1759 1778 1807; x_wconf 78' lang='lat' dir='ltr'>regis</span> 
     </span>
     <span class='ocr_line' id='line_1_22' title="bbox 213 1820 1776 1873; baseline 0.003 -17"><span class='ocrx_word' id='word_1_216' title='bbox 213 1820 433 1856; x_wconf 82' lang='lat' dir='ltr'>cancellario</span> <span class='ocrx_word' id='word_1_217' title='bbox 461 1821 608 1856; x_wconf 88' lang='lat' dir='ltr'>domino</span> <span class='ocrx_word' id='word_1_218' title='bbox 629 1821 667 1857; x_wconf 90' lang='lat' dir='ltr'>B.</span> <span class='ocrx_word' id='word_1_219' title='bbox 692 1821 774 1869; x_wconf 86' lang='lat' dir='ltr'>[G.]</span> <span class='ocrx_word' id='word_1_220' title='bbox 802 1821 846 1856; x_wconf 85' lang='lat' dir='ltr'>de</span> <span class='ocrx_word' id='word_1_221' title='bbox 870 1821 1111 1858; x_wconf 84' lang='lat' dir='ltr'>Liberaeione</span> <span class='ocrx_word' id='word_1_222' title='bbox 1139 1823 1392 1860; x_wconf 87' lang='lat' dir='ltr'>Dunkeldenfi</span> <span class='ocrx_word' id='word_1_223' title='bbox 1420 1825 1588 1873; x_wconf 88' lang='lat' dir='ltr'>episcopo</span> <span class='ocrx_word' id='word_1_224' title='bbox 1610 1826 1776 1863; x_wconf 60' lang='lat' dir='ltr'>WValtero</span> 
     </span>
     <span class='ocr_line' id='line_1_23' title="bbox 212 1888 1777 1938; baseline 0.005 -15"><span class='ocrx_word' id='word_1_225' title='bbox 212 1888 285 1923; x_wconf 90' lang='lat' dir='ltr'>filio</span> <span class='ocrx_word' id='word_1_226' title='bbox 304 1888 418 1923; x_wconf 86' lang='lat' dir='ltr'>Alani</span> <span class='ocrx_word' id='word_1_227' title='bbox 437 1888 604 1924; x_wconf 61' lang='lat' dir='ltr'>lValtero</span> <span class='ocrx_word' id='word_1_228' title='bbox 625 1888 783 1938; x_wconf 73' lang='lat' dir='ltr'>Olyfard</span> <span class='ocrx_word' id='word_1_229' title='bbox 809 1889 1007 1926; x_wconf 82' lang='lat' dir='ltr'>iusticiario</span> <span class='ocrx_word' id='word_1_230' title='bbox 1027 1891 1216 1927; x_wconf 77' lang='lat' dir='ltr'>Laudonie</span> <span class='ocrx_word' id='word_1_231' title='bbox 1243 1893 1456 1928; x_wconf 82' lang='lat' dir='ltr'>Alexandro</span> <span class='ocrx_word' id='word_1_232' title='bbox 1481 1893 1616 1930; x_wconf 83' lang='lat' dir='ltr'>clerieo</span> <span class='ocrx_word' id='word_1_233' title='bbox 1642 1896 1777 1931; x_wconf 88' lang='lat' dir='ltr'>domini</span> 
     </span>
     <span class='ocr_line' id='line_1_24' title="bbox 213 1956 473 2004; baseline 0 -13"><span class='ocrx_word' id='word_1_234' title='bbox 213 1958 307 2004; x_wconf 85' lang='lat' dir='ltr'>regis</span> <span class='ocrx_word' id='word_1_235' title='bbox 326 1962 362 1992; x_wconf 88' lang='lat' dir='ltr'>et</span> <span class='ocrx_word' id='word_1_236' title='bbox 381 1956 473 1991; x_wconf 86' lang='lat' dir='ltr'>aliis.</span> 
     </span>
    </p>
   </div>
   <div class='ocr_carea' id='block_1_5' title="bbox 214 2103 1775 2219">
    <p class='ocr_par' dir='ltr' id='par_1_5' title="bbox 214 2103 1775 2219">
     <span class='ocr_line' id='line_1_25' title="bbox 216 2103 1775 2161; baseline 0.005 -21"><span class='ocrx_word' id='word_1_237' title='bbox 216 2103 330 2140; x_wconf 84' lang='lat' dir='ltr'>Carta</span> <span class='ocrx_word' id='word_1_238' title='bbox 356 2103 503 2140; x_wconf 85' lang='lat' dir='ltr'>Nicolai</span> <span class='ocrx_word' id='word_1_239' title='bbox 532 2104 576 2140; x_wconf 92' lang='lat' dir='ltr'>de</span> <span class='ocrx_word' id='word_1_240' title='bbox 598 2104 727 2140; x_wconf 88' lang='lat' dir='ltr'>Veteri</span> <span class='ocrx_word' id='word_1_241' title='bbox 747 2104 863 2140; x_wconf 84' lang='lat' dir='ltr'>Ponte</span> <span class='ocrx_word' id='word_1_242' title='bbox 889 2112 925 2141; x_wconf 92' lang='lat' dir='ltr'>et</span> <span class='ocrx_word' id='word_1_243' title='bbox 943 2106 1115 2142; x_wconf 86' lang='lat' dir='ltr'>Anabille</span> <span class='ocrx_word' id='word_1_244' title='bbox 1143 2108 1267 2154; x_wconf 87' lang='lat' dir='ltr'>sponse</span> <span class='ocrx_word' id='word_1_245' title='bbox 1292 2109 1351 2144; x_wconf 82' lang='lat' dir='ltr'>sue</span> <span class='ocrx_word' id='word_1_246' title='bbox 1380 2109 1424 2144; x_wconf 90' lang='lat' dir='ltr'>de</span> <span class='ocrx_word' id='word_1_247' title='bbox 1450 2110 1557 2146; x_wconf 86' lang='lat' dir='ltr'>terris</span> <span class='ocrx_word' id='word_1_248' title='bbox 1585 2111 1629 2147; x_wconf 90' lang='lat' dir='ltr'>de</span> <span class='ocrx_word' id='word_1_249' title='bbox 1655 2112 1775 2161; x_wconf 73' lang='lat' dir='ltr'>Sway-</span> 
     </span>
     <span class='ocr_line' id='line_1_26' title="bbox 214 2171 382 2219; baseline 0.006 -13"><span class='ocrx_word' id='word_1_250' title='bbox 214 2171 382 2219; x_wconf 89' lang='lat' dir='ltr'>nystoun.</span> 
     </span>
    </p>
   </div>
   <div class='ocr_carea' id='block_1_6' title="bbox 215 2273 1774 2410">
    <p class='ocr_par' dir='ltr' id='par_1_6' title="bbox 215 2273 1774 2410">
     <span class='ocr_line' id='line_1_27' title="bbox 217 2273 1774 2341; baseline 0.006 -13"><span class='ocrx_word' id='word_1_251' title='bbox 217 2273 412 2328; x_wconf 83' lang='lat' dir='ltr'>Omnibus</span> <span class='ocrx_word' id='word_1_252' title='bbox 432 2293 551 2328; x_wconf 73' lang='lat' dir='ltr'>san&amp;oe</span> <span class='ocrx_word' id='word_1_253' title='bbox 570 2292 696 2328; x_wconf 84' lang='lat' dir='ltr'>matris</span> <span class='ocrx_word' id='word_1_254' title='bbox 715 2292 863 2328; x_wconf 76' lang='lat' dir='ltr'>ecclesie</span> <span class='ocrx_word' id='word_1_255' title='bbox 881 2293 964 2329; x_wconf 85' lang='lat' dir='ltr'>filiis</span> <span class='ocrx_word' id='word_1_256' title='bbox 988 2295 1193 2341; x_wconf 85' lang='lat' dir='ltr'>presentem</span> <span class='ocrx_word' id='word_1_257' title='bbox 1219 2303 1356 2332; x_wconf 81' lang='lat' dir='ltr'>cartam</span> <span class='ocrx_word' id='word_1_258' title='bbox 1376 2298 1503 2334; x_wconf 74' lang='lat' dir='ltr'>visuris</span> <span class='ocrx_word' id='word_1_259' title='bbox 1523 2299 1580 2335; x_wconf 84' lang='lat' dir='ltr'>vel</span> <span class='ocrx_word' id='word_1_260' title='bbox 1597 2301 1774 2339; x_wconf 83' lang='lat' dir='ltr'>audituris</span> 
     </span>
     <span class='ocr_line' id='line_1_28' title="bbox 215 2357 1773 2410; baseline 0.008 -17"><span class='ocrx_word' id='word_1_261' title='bbox 215 2357 418 2395; x_wconf 84' lang='lat' dir='ltr'>Nieholaus</span> <span class='ocrx_word' id='word_1_262' title='bbox 437 2360 482 2395; x_wconf 86' lang='lat' dir='ltr'>de</span> <span class='ocrx_word' id='word_1_263' title='bbox 501 2359 631 2396; x_wconf 90' lang='lat' dir='ltr'>Veteri</span> <span class='ocrx_word' id='word_1_264' title='bbox 649 2359 766 2396; x_wconf 89' lang='lat' dir='ltr'>Ponte</span> <span class='ocrx_word' id='word_1_265' title='bbox 784 2361 887 2396; x_wconf 85' lang='lat' dir='ltr'>miles</span> <span class='ocrx_word' id='word_1_266' title='bbox 907 2367 942 2397; x_wconf 76' lang='lat' dir='ltr'>et.</span> <span class='ocrx_word' id='word_1_267' title='bbox 962 2362 1136 2399; x_wconf 86' lang='lat' dir='ltr'>Anabilla</span> <span class='ocrx_word' id='word_1_268' title='bbox 1154 2364 1277 2410; x_wconf 74' lang='lat' dir='ltr'>sponsa</span> <span class='ocrx_word' id='word_1_269' title='bbox 1297 2368 1357 2401; x_wconf 79' lang='lat' dir='ltr'>sua</span> <span class='ocrx_word' id='word_1_270' title='bbox 1375 2373 1538 2403; x_wconf 85' lang='lat' dir='ltr'>eternam</span> <span class='ocrx_word' id='word_1_271' title='bbox 1556 2369 1593 2403; x_wconf 90' lang='lat' dir='ltr'>in</span> <span class='ocrx_word' id='word_1_272' title='bbox 1611 2367 1773 2407; x_wconf 87' lang='lat' dir='ltr'>Domino</span> 
     </span>
    </p>
   </div>
   <div class='ocr_carea' id='block_1_7' title="bbox 217 2426 1772 2474">
    <p class='ocr_par' dir='ltr' id='par_1_7' title="bbox 217 2426 1772 2474">
     <span class='ocr_line' id='line_1_29' title="bbox 217 2426 1772 2474; baseline 0.008 -13"><span class='ocrx_word' id='word_1_273' title='bbox 217 2426 365 2462; x_wconf 84' lang='lat' dir='ltr'>salutem</span> <span class='ocrx_word' id='word_1_274' title='bbox 385 2449 392 2456; x_wconf 91' lang='lat'>-</span> <span class='ocrx_word' id='word_1_275' title='bbox 417 2427 576 2464; x_wconf 90' lang='lat' dir='ltr'>Nouerit</span> <span class='ocrx_word' id='word_1_276' title='bbox 595 2427 807 2464; x_wconf 82' lang='lat' dir='ltr'>vniuerfitas</span> <span class='ocrx_word' id='word_1_277' title='bbox 827 2428 944 2465; x_wconf 85' lang='lat' dir='ltr'>vestra</span> <span class='ocrx_word' id='word_1_278' title='bbox 963 2443 1028 2465; x_wconf 89' lang='lat' dir='ltr'>nos</span> <span class='ocrx_word' id='word_1_279' title='bbox 1048 2432 1208 2467; x_wconf 86' lang='lat' dir='ltr'>vnanimi</span> <span class='ocrx_word' id='word_1_280' title='bbox 1231 2433 1402 2469; x_wconf 88' lang='lat' dir='ltr'>consensu</span> <span class='ocrx_word' id='word_1_281' title='bbox 1421 2434 1552 2471; x_wconf 76' lang='lat' dir='ltr'>dedisse</span> <span class='ocrx_word' id='word_1_282' title='bbox 1571 2437 1772 2474; x_wconf 79' lang='lat' dir='ltr'>conceffiffe</span> 
     </span>
    </p>
   </div>
  </div>
 </body>
</html>
