2147 2964
608 295 648 330 B.
678 295 849 332 MARIE
876 295 1121 332 VIRGINIS
1149 296 1220 332 DE
1249 296 1456 335 CAMPIS.
1742 302 1813 337 265

244 391 306 425 tim
328 398 548 428 memoratus
567 393 757 430 Johannes
776 394 924 430 Ireland
952 395 1108 430 balliuus
1136 396 1271 431 virtute
1298 403 1334 432 et
1354 397 1478 445 vigore
1507 397 1557 432 sui
1586 398 1692 433 officii
1713 405 1748 434 et
1767 400 1811 435 de

244 459 389 504 speciali
408 461 579 496 mandato
599 462 684 497 dieti
704 461 921 507 1·efignantis
940 462 1069 498 statum
1097 463 1342 510 possessionem
1360 465 1588 512 corporalem
1608 473 1643 502 et
1662 466 1810 502 safinam

243 527 501 563 hereditariam
521 529 683 565 omnium
702 535 737 564 et
758 529 978 577 singularum
997 531 1239 578 p1·edi5tarum
1268 538 1448 568 terrarum
1474 539 1509 569 et
1528 534 1718 570 domorum
1738 537 1811 582 spe-

243 594 382 630 cialiter
398 602 434 631 et
453 596 612 643 expresse
631 596 953 644 suprascriptarum
974 610 1054 632 cum
1075 598 1239 633 omnibus
1260 600 1329 634 suis
1350 601 1502 647 sequelis
1519 608 1555 636 et
1573 602 1811 648 pertinenciis

242 674 307 709 per
335 663 600 698 exhibicionem
630 664 806 698 dictorum
834 670 931 699 terre
959 671 995 700 et
1022 665 1153 711 lapidis
1181 666 1337 701 discreto
1367 668 1445 702 viro
1473 669 1619 703 domino
1647 669 1810 705 Johanni

244 729 451 765 Andirsonc
471 731 660 777 capellano
680 737 854 777 tanquam
873 732 1118 778 prebendario
1137 733 1246 779 ipsius
1269 734 1430 780 magistri
1452 734 1577 770 Dauid
1596 742 1631 771 et
1650 737 1719 771 suis
1737 738 1809 773 suc-

242 796 434 832 cefforibus
453 810 519 844 pro
537 798 639 834 dietis
668 798 936 834 celebrantibus
955 812 998 834 ac
1017 800 1256 835 celebraturis
1276 808 1312 836 et
1332 802 1613 838 decantantibus
1631 805 1677 839 ad
1696 805 1810 840 altare

242 865 431 900 fundatum
452 877 518 912 per
537 865 650 912 ipsum
677 858 890 912 magistrum
915 866 1040 902 Dauid
1067 867 1105 902 in
1134 868 1281 903 nomine
1300 868 1387 904 Jesu
1415 870 1511 905 infra
1538 871 1669 906 dietam
1698 873 1811 908 eccle-

243 933 325 967 iiam
347 932 577 980 collegiatam
606 933 802 968 secundum
830 940 996 969 tenorem
1024 935 1256 971 fundaeionis
1283 937 1437 985 desuper
1466 939 1691 975 conficiende
1712 941 1811 977 dedit

243 1000 364 1046 vtique
384 1006 420 1035 et
438 1000 657 1036 deliberauit
686 1001 765 1036 iure
784 1001 883 1037 saluo
903 1002 1093 1039 cuiussibet
1111 1024 1118 1030 ·
1138 1003 1255 1051 Super
1274 1005 1404 1051 quibus
1424 1006 1591 1042 omnibus
1608 1013 1644 1043 et
1663 1007 1810 1056 fingulis

241 1069 355 1104 dictus
372 1069 540 1104 dominus
558 1068 748 1105 Johannes
767 1070 977 1106 Andirsone
1003 1085 1024 1106 a
1042 1084 1099 1107 me
1118 1073 1261 1108 notario
1280 1073 1428 1120 publico
1448 1080 1515 1110 etc.
1536 1075 1648 1121 peciit
1666 1077 1811 1122 presens

241 1137 517 1173 instrumentum
539 1138 598 1172 seu
618 1138 872 1174 instrumenta.

236 1341 350 1377 Carta
369 1343 655 1378 confirmationis
675 1349 710 1377 et
729 1343 1042 1379 admortizationis
1061 1345 1194 1381 Jacobi
1216 1345 1359 1394 Layng.

234 1462 418 1514 -JAcossos
447 1477 515 1512 Dei
539 1478 660 1524 gratia
684 1489 747 1512 rex
778 1476 969 1513 Scotorum
998 1480 1164 1515 omnibus
1191 1481 1314 1528 probis
1339 1481 1545 1518 hominibus
1572 1483 1682 1519 totius
1710 1492 1806 1520 terre

237 1546 294 1580 sue
315 1545 458 1580 clericis
477 1551 513 1580 et
530 1544 632 1580 laicis
647 1544 796 1580 salutem
810 1564 818 1572 ·
833 1543 964 1581 Sciatis
982 1558 1048 1581 nos
1067 1548 1249 1594 quandam
1270 1554 1408 1584 cartam
1426 1577 1433 1584 .
1457 1576 1465 1584 .
1487 1576 1494 1584 .
1514 1549 1727 1586 intellexisse
1745 1552 1806 1587 sub

235 1613 303 1648 hac
322 1613 440 1649 forma
457 1633 464 1640 ·
486 1612 667 1649 OMNIBUS
694 1613 789 1648 hanc
814 1619 951 1648 cartam
972 1614 1100 1650 visuris
1122 1615 1177 1650 vel
1196 1615 1375 1651 audituris
1393 1615 1556 1652 Jacobus
1574 1617 1706 1665 Layng
1725 1619 1805 1654 bur-

233 1681 351 1729 gensis
369 1682 475 1730 burgi
504 1682 549 1717 de
568 1682 785 1730 Edinburgh
813 1682 961 1717 salutem
990 1682 1027 1717 in
1046 1682 1208 1718 Domino
1236 1684 1491 1731 sempiternam
1512 1707 1519 1713 -
1539 1685 1730 1722 Noueritis
1748 1700 1804 1723 me

235 1763 316 1786 cum
349 1750 521 1786 consensu
552 1756 588 1785 et
619 1749 755 1785 assensu
787 1749 963 1785 cariffime
1000 1750 1124 1797 sponse
1159 1763 1237 1786 mee
1270 1751 1414 1787 Helene
1446 1752 1631 1801 Kennedy
1652 1781 1659 1788 .
1682 1781 1689 1789 .
1711 1782 1718 1789 .
1737 1767 1804 1802 pro

235 1819 347 1854 salute
379 1818 582 1854 animarum
615 1817 768 1853 colende
802 1818 976 1853 memorie
1009 1819 1191 1865 quondam
1225 1818 1434 1854 sereniffimi
1466 1820 1641 1867 principis
1671 1821 1698 1856 J
1700 1823 1802 1858 acobi

237 1886 357 1933 quarti
376 1885 566 1922 Scotorum
585 1885 682 1933 regis
701 1885 922 1921 illustrissimi
941 1898 984 1921 ac
998 1899 1064 1933 pro
1082 1886 1192 1921 salute
1207 1891 1244 1921 et
1262 1886 1502 1933 prosperitate
1518 1888 1802 1924 excellentiflimi

237 1954 414 2001 principis
432 1953 564 1989 Jacobi
592 1953 708 2000 quinti
735 1954 900 1989 moderni
929 1954 1026 2000 regis
1055 1953 1247 1989 Scotorum
1275 1954 1483 1989 serenissimi
1509 1968 1575 2002 pro
1594 1956 1708 1992 salute
1727 1958 1802 1992 ani-

235 2035 374 2058 marum
394 2023 538 2057 suarum
564 2034 631 2068 pro
650 2021 836 2068 saluteque
864 2022 1066 2057 animarum
1093 2022 1276 2068 quondam
1302 2022 1413 2069 patris
1433 2023 1503 2058 mei
1523 2029 1559 2058 et
1577 2024 1703 2059 matris
1722 2037 1801 2061 mee

236 2103 377 2126 necnon
397 2102 462 2137 pro
482 2089 594 2125 salute
622 2089 741 2124 anime
768 2102 848 2125 mee
876 2097 911 2126 et
932 2090 1074 2125 Helene
1094 2089 1276 2137 Kennedy
1298 2090 1421 2136 sponse
1449 2103 1527 2126 mee
1552 2098 1587 2126 et
1605 2104 1670 2139 pro
1689 2092 1801 2129 salute

236 2158 355 2193 anime
375 2157 557 2204 quondam
578 2156 736 2192 Mariote
756 2157 869 2206 Bowy
889 2158 973 2192 olim
1000 2158 1125 2204 sponse
1152 2170 1230 2192 mee
1257 2170 1300 2193 ac
1324 2158 1430 2193 etiam
1450 2171 1516 2205 pro
1535 2159 1647 2195 salute
1666 2161 1801 2198 anima-

235 2239 314 2262 rum
333 2224 563 2273 burgensium
589 2231 624 2260 et
652 2225 921 2261 communitatis
947 2225 1100 2272 predicti
1127 2225 1230 2273 burgi
1257 2226 1302 2260 de
1321 2225 1537 2274 Edinburgh
1566 2228 1800 2276 omniumque

236 2293 585 2341 consanguineorum
612 2305 776 2328 meorum
804 2292 1063 2329 antecessorum
1087 2299 1123 2329 et
1151 2293 1386 2329 successorum
1412 2307 1454 2330 ac
1473 2295 1634 2330 omnium
1654 2296 1798 2333 illorum

235 2362 320 2397 dum
337 2361 505 2396 vixerant
523 2360 561 2395 in
580 2360 649 2395 hac
669 2362 743 2396 vita
760 2360 882 2407 aliquo
900 2361 1008 2396 modo
1028 2361 1157 2407 quibus
1176 2361 1319 2397 debitor
1337 2362 1389 2397 fui
1408 2367 1470 2398 aut
1489 2363 1533 2398 de
1552 2363 1656 2399 bonis
1673 2377 1798 2400 eorum

237 2430 295 2465 vel
312 2429 420 2464 rebus
439 2428 576 2475 aliquid
594 2427 703 2463 habui
724 2428 768 2463 de
788 2441 858 2475 quo
878 2429 923 2464 ad
950 2428 1098 2475 plenum
1126 2441 1199 2464 non
1228 2428 1375 2464 satisfeci
1397 2442 1438 2465 ac
1458 2430 1617 2466 omnium
1636 2431 1796 2468 fidelium

977 2499 998 2531 2
1020 2509 1039 2531 1,
