2147 2964
808 299 878 335 DE
906 298 1222 335 RESTALRIG.
1731 303 1797 340 291

230 399 465 434 concedimus
481 412 546 447 per
565 399 751 446 presentes
771 399 983 434 mandatum
1003 397 1163 433 nostrum
1180 403 1214 433 et
1230 397 1419 445 specialem
1434 397 1625 433 licenciam
1641 397 1799 434 nostram

229 473 266 501 vt
285 467 443 503 rectoria
461 467 506 502 de
526 467 645 502 Ellem
665 480 746 502 cum
775 466 952 502 frudtibus
980 466 1088 501 terris
1108 472 1143 502 et
1168 466 1405 513 pertinenciis
1426 466 1582 502 eiusdem
1601 466 1705 502 nobis
1723 466 1799 502 iure

228 541 441 581 patronatus
470 535 633 582 spedtans
657 535 799 582 prefato
817 534 972 581 collegio
1000 533 1122 569 nostro
1151 534 1195 569 de
1220 533 1403 582 Restalrig
1431 534 1577 569 vniatur
1596 539 1799 570 annexetur

227 609 262 639 et
281 615 348 650 pro
375 608 553 650 perpetuo
581 602 834 649 incorporetur
860 614 928 650 pro
956 602 1052 638 dieto
1079 601 1201 637 nostre
1230 601 1460 637 fundacionis
1487 601 1640 637 subsidio
1659 608 1695 638 et
1714 615 1799 650 aug-

226 670 456 706 mentaeione
475 670 512 705 in
532 670 793 705 distribucione
813 670 1028 717 quotidiana
1046 669 1258 704 communiis
1286 669 1466 705 missarum
1487 669 1798 706 celebracionibus

225 738 484 773 anniuersariis
504 744 539 773 et
567 737 647 772 aliis
675 737 821 784 pietatis
849 737 1016 785 operibus
1034 736 1240 772 necessariis
1269 737 1424 772 eiusdem
1446 737 1671 784 disponenda
1690 745 1798 786 prout

224 805 364 840 decano
383 810 420 840 et
439 804 598 852 capitulo
618 805 707 840 dieti
727 804 873 852 collegii
901 805 1013 840 nostri
1041 817 1107 852 pro
1126 810 1290 852 tempore
1311 805 1548 840 existentibus
1566 806 1680 853 magis
1700 807 1798 842 vide-

224 873 321 908 bitur
341 872 514 920 expedire
541 872 672 919 quibus
700 871 860 907 nostram
887 878 1014 908 tenore
1042 873 1267 920 presencium
1295 874 1493 921 expressam
1522 874 1676 921 desuper
1703 887 1798 910 com-

223 940 399 976 mittimus
416 940 634 988 potestatem
654 961 660 968 ·
680 946 716 976 et
736 939 838 976 simili
857 940 965 976 modo
992 941 1179 976 licentiam
1202 948 1238 977 et
1256 942 1468 977 mandatum
1488 941 1651 977 nostrum
1671 942 1798 978 damus

221 1015 257 1045 et
277 1009 513 1045 concedimus
540 1021 607 1057 per
634 1009 820 1056 presentes
843 1014 881 1044 vt
907 1014 1156 1045 tenementum
1186 1023 1267 1045 cum
1295 1016 1394 1045 terra
1420 1010 1612 1058 posteriori
1639 1011 1795 1047 eiusdem

220 1090 286 1124 per
305 1077 488 1124 quondam
517 1077 761 1112 reuerendum
791 1077 829 1112 in
851 1076 999 1113 Christo
1026 1084 1168 1125 patrem
1188 1077 1397 1114 Johannem
1428 1078 1631 1126 episcopum
1650 1078 1797 1115 Rossen-

221 1146 290 1180 sem
310 1158 376 1193 pro
398 1146 501 1180 vnius
520 1146 850 1192 prebendariorum
870 1146 957 1181 di6⁷d
978 1146 1123 1194 collegii
1151 1146 1418 1182 sustentacione
1437 1146 1644 1182 edificatum
1665 1154 1700 1182 et
1719 1148 1796 1182 fun-

220 1214 343 1249 datum
373 1214 515 1261 prefato
542 1214 665 1249 nostro
693 1213 889 1249 decanatui
917 1213 1073 1261 collegio
1101 1220 1137 1249 et
1164 1215 1240 1249 doti
1269 1214 1428 1249 eiusdem
1459 1215 1604 1250 vniatur
1623 1222 1659 1251 et
1678 1215 1795 1251 incor-

219 1289 371 1329 poretur
387 1294 468 1317 cum
487 1282 626 1316 decano
647 1281 807 1316 eiusdem
827 1288 863 1316 et
882 1282 952 1316 suis
972 1282 1229 1317 successoribus
1248 1295 1315 1330 pro
1334 1289 1511 1330 perpetuo
1526 1284 1794 1320 remansurum-

222 1348 407 1386 Soluendo
427 1349 513 1385 inde
533 1349 720 1385 annuatim
741 1349 829 1385 (11ιέὶί
849 1350 1011 1385 decanus
1030 1356 1065 1385 et
1084 1350 1301 1386 successores
1328 1351 1378 1386 sui
1406 1351 1551 1387 feodum
1574 1351 1739 1388 vfitatum
1760 1360 1795 1388 et

219 1419 430 1454 consuetum
450 1419 548 1454 diclo
576 1418 818 1464 prcbcndario
840 1431 995 1454 vnaeum
1023 1419 1154 1453 annuis
1182 1419 1383 1454 redditibus
1412 1419 1491 1454 aliis
1509 1420 1675 1467 personis
1694 1421 1794 1468 prius

219 1486 536 1522 debitis·necnon
565 1486 773 1521 sustinendo
807 1486 1010 1521 huiusmodi
1047 1492 1295 1523 tenementum
1328 1494 1363 1523 et
1394 1494 1528 1523 terram
1557 1487 1793 1534 posteriorem

219 1556 378 1591 eiusdem
399 1555 434 1590 in
455 1555 524 1590 suis
544 1555 698 1590 edificiis
716 1561 824 1602 prout
844 1554 940 1591 dieto
966 1555 1127 1602 capitulo
1156 1568 1222 1603 pro
1249 1555 1357 1603 ipsius
1386 1556 1583 1591 tenementi
1604 1558 1793 1592 commodo

219 1631 255 1659 et
272 1624 428 1659 vtilitate
451 1623 561 1658 visum
582 1623 691 1658 fuerit
710 1623 905 1670 expediens
919 1644 926 1651 ·
940 1622 1115 1659 Preterea
1136 1636 1202 1671 pro
1221 1624 1325 1659 nobis
1341 1630 1376 1659 et
1390 1624 1646 1660 successoribus
1662 1625 1793 1661 nostris

219 1698 347 1727 tenore
378 1691 603 1739 presencium
641 1690 814 1726 cassamus
849 1690 1071 1726 diffoluimus
1103 1691 1335 1727 annullamus
1367 1698 1403 1728 et
1430 1692 1638 1740 dirogamus
1669 1706 1792 1729 omnes

219 1761 310 1796 alios
329 1759 520 1795 consensus
541 1759 692 1794 vniones
712 1766 747 1794 et
776 1759 1097 1807 incorporaciones
1117 1760 1212 1795 dicte
1240 1760 1395 1796 ret-“toric
1416 1760 1438 1795 si
1459 1760 1578 1807 alique
1597 1774 1662 1808 per
1679 1775 1791 1808 quon-

220 1829 302 1864 dam
323 1828 577 1876 progenitores
596 1828 737 1862 nostros
760 1840 823 1862 nos
844 1834 905 1863 aut
933 1828 1023 1862 alios
1051 1828 1283 1875 quoscunque
1309 1828 1459 1877 desuper
1478 1829 1571 1865 facte
1592 1829 1737 1866 fuerant
1756 1837 1791 1866 et

220 1896 409 1944 presertim
429 1895 744 1932 archidiaconatui
764 1895 903 1942 capelle
926 1896 1046 1930 nostre
1072 1909 1142 1943 que
1171 1896 1310 1932 nullum
1331 1897 1580 1933 soi-ciebantur
1601 1897 1766 1934 effectum
1784 1920 1790 1926 ·

222 1965 385 2000 volentes
404 1970 440 1999 et
459 1964 671 1999 ordinantes
693 1970 729 1998 vt
756 1964 901 2010 presens
928 1963 1051 2000 nostra
1078 1964 1331 2012 incorporacio
1360 1970 1396 2000 et
1419 1965 1503 2000 vnio
1526 1965 1692 2001 omnibus
1711 1966 1791 2001 aliis

221 2046 265 2068 ex
294 2032 407 2068 causis
439 2033 546 2079 supra
577 2032 786 2079 expressatis
818 2031 1024 2078 preferatur
1043 2052 1050 2059 ·
1069 2033 1213 2080 prouiso
1241 2039 1361 2068 tamen
1390 2039 1425 2068 et
1452 2033 1616 2080 plenarie
1644 2035 1790 2070 consen-

223 2102 346 2137 tiendo
367 2114 439 2136 non
460 2100 624 2136 obstante
651 2101 809 2147 presenti
837 2101 958 2135 nostra
982 2100 1113 2135 vnione
1140 2107 1176 2136 et
1200 2101 1503 2149 incorporacione
1523 2102 1619 2147 quod
1638 2101 1790 2138 dileStus

223 2169 413 2205 familiaris
432 2168 588 2204 clericus
614 2167 735 2203 noster
755 2167 925 2215 magister
942 2167 1104 2204 Jacobus
1124 2169 1280 2205 Walteri
1307 2170 1428 2205 metor
1449 2176 1485 2205 et
1503 2170 1698 2204 modernus
1716 2170 1790 2218 pos-

225 2237 329 2273 seffor
348 2237 444 2272 (ὶίἇῒθ
466 2235 614 2272 ecclesie
643 2237 686 2271 de
715 2235 833 2271 Ellem
866 2236 1032 2271 omnibus
1064 2242 1100 2272 et
1127 2237 1274 2285 singulis
1302 2237 1478 2273 fruffibus
1506 2237 1656 2272 decimis
1683 2238 1790 2273 terris

223 2306 336 2341 firmis
356 2312 392 2341 et
410 2304 664 2340 emolumentis
688 2303 845 2339 eiusdem
874 2303 1028 2340 durante
1050 2305 1123 2341 vita
1150 2305 1209 2341 sua
1233 2305 1346 2341 libere
1372 2306 1531 2353 gaudeat
1557 2311 1594 2340 et
1615 2304 1788 2353 possideat

223 2375 281 2410 cui
300 2374 435 2409 dietum
456 2372 618 2407 nostrum
638 2371 832 2419 collegium
861 2371 1054 2408 succedere
1083 2373 1247 2409 volumus
1275 2381 1310 2409 et
1338 2374 1548 2409 ordinamus
1565 2378 1601 2408 et
1620 2385 1662 2408 eo
1682 2373 1785 2409 dece-

223 2443 332 2478 dente
360 2441 544 2477 reseruata
572 2440 642 2476 suis
670 2440 924 2475 executoribus
953 2447 987 2476 et
1012 2441 1194 2490 affignatis
1223 2447 1357 2477 annata
1384 2441 1539 2477 eiusdem
1559 2463 1565 2469 ·
1586 2440 1666 2489 post
1685 2442 1785 2478 cuius
