2147 2964
135 683 178 716 81

139 1768 183 1801 32

524 307 736 346 SANCTE
764 306 1083 345 TRINITATIS
1109 307 1181 344 DE
1208 306 1543 344 EDINBURGH.
1748 310 1813 342 131

249 412 412 455 nyntcne
431 406 543 455 yeiris
562 407 679 443 entrie
699 406 835 443 thairto
862 413 900 442 at
926 406 987 442 the
1006 407 1083 443 dait
1100 407 1224 442 heirof
1239 427 1246 434 ·
1267 406 1421 454 Payand
1447 405 1578 454 yeirlie
1606 409 1652 442 24
1680 406 1817 442 merkis

249 475 369 511 vsuale
387 488 521 524 money
540 476 613 511 and
640 475 704 511 sall
723 475 859 523 vphald
881 487 1003 522 vpoun
1031 475 1128 511 thair
1155 487 1257 510 awne
1285 474 1462 522 expenssis
1489 474 1550 510 the
1569 474 1674 522 queir
1693 475 1733 510 of
1755 474 1817 511 the

247 543 324 578 said
341 543 521 590 parroche
540 543 626 579 kirk
644 564 652 572 ·
671 544 725 579 At
744 542 958 578 Edinbureh
977 545 999 578 2
1015 542 1041 578 J
1044 542 1106 578 ulii
1129 541 1223 581 1567
1247 542 1332 590 [etc.
1353 548 1392 578 ut
1411 542 1548 591 supra}

248 662 516 714 LAURENTIUS
538 676 787 725 Clappertoun
806 677 1009 725 prepositus
1027 677 1261 724 prebendarii
1279 678 1533 725 capellanique
1551 680 1757 715 concedunt
1772 680 1816 715 de

247 756 345 779 nouo
358 743 546 780 Willelmo
558 743 676 792 Birny
690 744 861 792 burgensi
875 745 920 780 de
933 744 1148 780 Edinburch
1160 751 1196 780 et
1209 745 1353 781 Helene
1365 745 1560 782 Achesoun
1574 748 1634 783 sue
1646 748 1769 795 sponse
1782 755 1817 784 ct

247 811 443 847 heredibus
457 811 620 859 legitime
632 811 729 847 inter
744 811 838 859 ipsos
851 811 1055 859 procreatis
1070 818 1107 849 et
1120 813 1316 849 heredibus
1331 813 1427 849 difite
1441 814 1585 850 Helene
1601 815 1817 862 quibuscun-

247 892 317 927 que
336 885 584 916 tenementum
603 884 700 916 terre
720 879 844 915 iacens
863 879 899 914 in
920 879 1008 915 villa
1026 880 1071 916 de
1091 880 1199 916 Leith
1219 894 1263 916 ex
1282 887 1386 929 parte
1413 882 1633 918 occidentali
1653 884 1818 919 australis

247 961 339 996 aque
358 948 516 985 eiusdem
534 948 632 985 inter
650 954 785 984 terram
806 949 991 995 quondam
1010 948 1036 985 J
1039 949 1192 985 ohannis
1213 949 1310 986 Cant
1330 963 1373 985 ex
1394 956 1497 998 parte
1514 951 1663 987 australi
1683 959 1818 989 terram

246 1017 430 1064 quondam
445 1016 609 1064 magistri
629 1016 782 1064 Georgii
801 1016 831 1052 F
834 1016 1014 1053 orrestare
1042 1031 1085 1054 ex
1112 1025 1216 1067 parte
1244 1019 1385 1054 boreali
1412 1025 1448 1055 et
1475 1032 1701 1057 communem
1722 1022 1817 1058 viam

246 1085 448 1134 vulgariter
466 1092 633 1122 vocatam
653 1085 833 1133 liesclzoir
851 1091 887 1121 et
900 1086 983 1134 Ῥεῖν
1001 1087 1046 1122 de
1061 1086 1182 1135 Leyth
1202 1100 1245 1123 ex
1264 1095 1370 1135 parte
1389 1088 1609 1124 occidentali
1628 1095 1664 1125 et
1683 1096 1817 1126 terram

247 1155 430 1202 quondam
447 1154 625 1190 Willelmi
641 1153 787 1189 Fowlar
804 1154 992 1202 burgensis
1010 1156 1055 1191 de
1072 1155 1289 1192 Edinburch
1308 1169 1352 1192 ex
1370 1162 1475 1204 parte
1495 1157 1664 1194 orientali
1682 1181 1689 1187 ·
1708 1160 1819 1206 quod-

246 1223 394 1270 quidem
413 1227 662 1259 tenementum
679 1222 781 1270 prius
801 1223 869 1258 fuit
886 1222 912 1258 J
914 1223 1020 1259 acobi
1038 1223 1189 1272 Logane
1208 1224 1273 1260 filii
1294 1225 1478 1272 quondam
1498 1226 1650 1275 Georgii
1668 1227 1819 1275 Logane

246 1304 289 1327 ac
315 1291 462 1327 heredis
489 1291 674 1338 quondam
694 1289 719 1325 J
723 1291 853 1325 oannis
872 1290 1022 1339 Logane
1050 1292 1170 1328 incole
1190 1293 1276 1328 ville
1301 1294 1345 1328 de
1363 1293 1473 1330 Leith
1493 1295 1545 1330 sui
1571 1296 1693 1342 patrui
1718 1296 1820 1333 here-

247 1359 380 1395 ditarie
399 1365 435 1395 et
454 1359 551 1406 quod
578 1359 677 1395 idem
705 1359 802 1406 apud
820 1359 1040 1408 Edinburgh
1058 1360 1257 1409 refignauit
1275 1382 1282 1388 ·
1301 1362 1505 1398 Reddendo
1524 1364 1714 1399 annuatim
1734 1369 1781 1401 30
1794 1378 1819 1400 s.

247 1427 379 1463 vsualis
397 1432 543 1463 monete
563 1427 823 1474 quamquidem
840 1427 1010 1463 summam
1030 1429 1232 1477 prepofitus
1252 1436 1288 1466 et
1305 1431 1538 1478 prebendarii
1555 1438 1727 1468 tenentur
1742 1446 1820 1481 per-

247 1496 387 1532 soluere
417 1494 606 1531 annuatim
637 1495 859 1542 pauperibus
891 1495 1078 1543 hospitalis
1106 1520 1113 1527 ·
1140 1498 1254 1545 Apud
1284 1498 1500 1534 Edinburch
1531 1502 1578 1534 23
1604 1500 1630 1536 J
1634 1500 1695 1535 ulii
1725 1501 1818 1541 1567

248 1548 371 1600 coram
390 1563 562 1611 magistro
582 1563 770 1599 Willelmo
792 1563 906 1600 Clerk
924 1563 962 1599 in
980 1564 1204 1601 Anstruther
1223 1572 1259 1601 et
1279 1565 1424 1603 Thoma
1442 1567 1558 1615 Inglis
1578 1581 1660 1604 cum
1679 1569 1769 1605 aliis.

345 1632 405 1669 Ita
423 1632 474 1668 est
491 1632 517 1668 J
520 1632 683 1668 ohannes
701 1632 856 1680 Aytoun
874 1633 1051 1669 notarius.

250 1753 480 1807 BIAclsrnn
510 1769 536 1805 J
539 1769 701 1805 ohannes
732 1768 847 1804 Elder
878 1769 1039 1805 decanus
1071 1775 1107 1806 et
1132 1770 1336 1807 Willelmus
1370 1771 1569 1808 Salmound
1595 1774 1820 1810 subdecanus

249 1841 409 1874 rectores
427 1837 650 1885 parochialis
670 1836 820 1872 eccleiie
839 1837 884 1872 de
904 1836 1102 1873 Dunnoter
1120 1838 1217 1874 infra
1235 1839 1528 1877 vicecomitatum
1549 1842 1594 1877 de
1613 1842 1820 1879 Kincardin

252 1914 288 1942 et
306 1905 477 1942 diocefim
498 1905 760 1942 Sanfflandree
788 1917 869 1940 cum
890 1906 1062 1941 consensu
1080 1906 1106 1942 J
1108 1907 1263 1943 ohannis
1286 1908 1549 1957 archiepiscopi
1576 1923 1720 1946 necnon
1739 1924 1820 1959 pre-

252 1974 336 2010 fecti
355 1980 391 2010 et
407 1973 737 2021 prebendariorum
756 1973 902 2020 collegii
923 1972 1054 2009 Sanete
1071 1973 1264 2011 Trinitatis
1282 1988 1349 2023 pro
1369 1977 1518 2012 diuerfis
1536 1978 1820 2026 gratitudinibus

253 2042 427 2090 precipue
454 2041 492 2076 in
519 2041 589 2076 hoc
616 2039 765 2075 instanti
792 2047 957 2087 tempore
984 2041 1186 2088 periculoso
1213 2044 1464 2092 multipliciter
1490 2047 1649 2093 prestitis
1678 2053 1714 2083 et
1740 2060 1821 2095 pre-

252 2110 389 2146 standis
409 2122 451 2145 ac
471 2108 579 2145 etiam
598 2121 664 2156 pro
684 2109 820 2144 summa
836 2109 993 2156 pecunie
1021 2112 1229 2147 concedunt
1249 2112 1472 2148 hereditarie
1492 2113 1676 2150 Willelmo
1696 2116 1821 2151 comiti

254 2178 472 2214 Marescallo
491 2177 638 2213 domino
658 2177 771 2213 Keith
799 2182 916 2213 terras
942 2177 1028 2213 ville
1052 2178 1292 2215 ecclesiastice
1312 2180 1357 2215 de
1374 2180 1571 2217 Dunnoter
1590 2203 1598 2210 ·
1617 2182 1820 2218 Reddendo

254 2246 444 2283 annuatim
472 2248 494 2280 5
529 2258 669 2281 marcas
699 2244 820 2281 Scotie
848 2251 884 2281 et
910 2245 933 2281 6
961 2246 1092 2281 solidos
1120 2254 1155 2283 et
1183 2251 1204 2282 8
1236 2248 1406 2283 denarios
1433 2248 1556 2284 similis
1583 2256 1728 2286 monete
1753 2264 1820 2298 pro

254 2313 552 2362 augmentatione
577 2313 728 2349 rentalis
747 2333 754 2339 ·
774 2313 887 2360 Apud
904 2312 1118 2350 Dunnotter
1137 2317 1159 2350 5
1179 2315 1401 2351 Nouembris
1422 2316 1516 2355 1567
1538 2330 1659 2353 eoram
1678 2317 1819 2354 Jacobo

254 2381 367 2418 Keith
378 2382 422 2417 de
435 2381 658 2428 Drumtocty
672 2380 842 2428 magistro
849 2380 1037 2416 willelmo
1052 2381 1223 2419 Chalmer
1239 2389 1274 2419 et
1287 2384 1453 2420 Gilberto
1465 2384 1619 2433 Murray
1633 2398 1714 2422 cum
1727 2387 1818 2422 aliis.

354 2449 413 2486 Ita
431 2449 483 2485 est
501 2449 691 2485 Johannes
710 2449 863 2497 Aytoun
883 2449 1060 2485 notarius.
