2147 2964
491 328 704 367 SANCTE
732 329 1051 367 TRINITATIS
1077 330 1150 367 DE
1177 329 1512 368 EDINBURGH.
1717 336 1786 368 135

213 434 352 475 partem
372 433 469 463 terre
489 440 572 464 cum
590 427 698 464 horto
714 429 892 465 iacentem
914 429 951 465 in
970 429 1019 466 lie
1038 429 1207 478 Nungait
1225 442 1269 465 ex
1288 429 1459 466 orientali
1478 436 1582 478 parte
1601 432 1721 479 pontis
1740 433 1785 467 de

214 494 458 544 Hadingtoun
477 496 734 532 extendentem
753 497 799 532 ab
818 497 1002 533 anteriore
1020 497 1128 533 domo
1148 497 1234 533 dieti
1261 498 1460 533 tenementi
1484 498 1656 547 contigue
1677 501 1785 547 vsque

213 564 260 599 ad
278 564 456 600 orientem
475 587 482 594 ·
502 564 707 600 Reddendo
735 565 924 601 annuatim
952 578 1084 601 nouem
1112 565 1283 601 denarios
1309 572 1455 602 monete
1485 565 1612 603 Scocie
1637 569 1785 603 nomine

213 632 381 667 annualis
400 631 564 667 redditus
583 632 788 668 feudifirme
805 652 812 660 ·
830 633 943 680 Apud
962 633 1092 669 dietam
1111 633 1300 669 ecclefiam
1320 636 1368 669 20
1387 633 1478 669 Maii
1501 636 1608 674 1575.

262 699 470 735 Ronna'rns
488 698 691 747 prepofitus
1051 700 1112 736 MR
1132 701 1361 737 Gnmnmuns
1380 701 1678 738 Aucummoww
1697 716 1776 750 pre—

262 767 507 803 ALEXANDER
527 766 772 804 HENRYSOUN
794 767 848 803 M.
866 767 945 803 hos·
1100 768 1299 804 bendarius
1318 768 1362 804 de
1385 767 1680 817 Strethmartyne

311 834 434 882 pitalis
1051 835 1113 872 MR
1129 835 1337 872 JoHANNES
1358 835 1656 873 MANDERSTOUN
1677 851 1755 885 pre-

261 902 470 939 PATmcIUs
492 901 669 938 SPRUYLE
689 915 800 938 manu
819 903 970 951 propria
1100 904 1297 940 bendarius
1316 904 1362 940 de
1381 903 1615 941 Ormestoun.

260 971 430 1007 JACOBUS
453 970 699 1007 HENRYsonN
722 984 758 1018 p.
779 971 824 1007 de
843 971 1001 1007 Broder-

309 1038 420 1075 stanis

99 1178 147 1215 90
214 1158 442 1214 MAGISTER
471 1176 654 1212 Robertus
686 1176 783 1212 Pont
810 1178 1011 1226 prepositus
1040 1179 1277 1226 prebendarii
1307 1185 1342 1215 et
1370 1180 1551 1227 capellani
1580 1183 1787 1218 concedunt

213 1244 358 1281 Thome
375 1245 572 1283 Achesoun
600 1244 770 1292 burgenfi
798 1245 843 1281 de
871 1245 1087 1283 Edinburch
1115 1253 1151 1283 et
1178 1247 1391 1295 Margarete
1418 1247 1549 1285 Fraser
1576 1250 1636 1285 sue
1664 1251 1788 1298 sponse

210 1320 246 1350 ct
264 1313 463 1350 heredibus
490 1314 587 1349 inter
613 1314 708 1361 ipsos
735 1313 899 1361 legitime
926 1315 1129 1362 procreatis
1156 1316 1288 1363 quibus
1315 1316 1568 1352 deficientibus
1593 1318 1788 1354 heredibus

209 1383 306 1418 inter
325 1382 438 1430 ipsam
459 1381 712 1430 Margaretam
732 1388 768 1417 et
787 1383 971 1428 quondam
989 1382 1171 1418 Jacobum
1192 1383 1437 1419 Hendersoun
1466 1385 1682 1433 burgensem
1703 1387 1787 1421 dit-ti

210 1450 318 1498 burgi
354 1450 445 1485 olim
481 1450 559 1485 eius
594 1449 760 1497 sponsum
795 1450 957 1497 legitime
992 1451 1195 1498 procreatis
1231 1452 1362 1498 quibus
1393 1453 1501 1488 etiam
1534 1453 1788 1490 deficientibus

214 1518 360 1555 Helene
390 1518 588 1554 Achesoun
620 1517 819 1565 refignanti
852 1518 1090 1566 subscriptum
1119 1519 1257 1566 suisque
1289 1519 1485 1556 heredibus
1514 1521 1786 1569 quibuscunque

214 1588 346 1623 iterum
365 1587 594 1622 reversurum
614 1586 706 1621 illud
725 1592 972 1622 tenementum
993 1592 1090 1622 terre
1117 1587 1240 1622 iacens
1267 1587 1302 1622 in
1322 1588 1411 1623 villa
1429 1589 1473 1623 de
1492 1588 1600 1624 Leith
1621 1602 1664 1624 ex
1683 1598 1786 1636 parte

215 1656 437 1692 occidentali
457 1654 625 1691 australis
642 1667 736 1702 aque
756 1654 913 1690 eiusdem
935 1655 1032 1689 inter
1051 1660 1186 1690 terram
1206 1655 1389 1702 quondam
1403 1655 1429 1691 J
1432 1656 1559 1691 oannis
1575 1656 1671 1693 Cant
1689 1670 1785 1693 nnnc

216 1737 304 1760 vero
335 1723 495 1760 Walteri
527 1722 624 1759 Cant
660 1735 703 1758 ex
735 1729 840 1770 parte
872 1722 1020 1758 australi
1053 1729 1188 1759 terram
1221 1724 1405 1770 quondam
1437 1724 1597 1772 magistri
1632 1725 1786 1773 Georgii

216 1791 388 1827 Forestar
405 1804 505 1827 nunc
524 1803 612 1827 vero
631 1790 810 1826 Willelmi
828 1790 1019 1826 Forrestar
1046 1791 1097 1826 sui
1124 1791 1190 1826 filii
1217 1798 1254 1827 et
1280 1791 1426 1827 heredis
1453 1805 1495 1827 ex
1524 1799 1628 1840 parte
1647 1794 1785 1829 boreali

216 1872 445 1897 communem
463 1860 559 1895 viam
579 1859 782 1907 vulgariter
801 1864 966 1894 vocatam
994 1860 1040 1894 lie
1050 1859 1187 1906 sclzore
1212 1866 1248 1894 et
1267 1860 1312 1894 lie
1325 1860 1408 1906 μεῖν
1426 1860 1470 1895 de
1491 1859 1598 1895 Leith
1618 1873 1661 1895 ex
1681 1868 1785 1908 parte

215 1928 437 1965 occidentali
465 1933 501 1963 et
526 1933 663 1963 terram
690 1926 874 1974 quondam
894 1926 939 1960 W
943 1926 1067 1962 illelmi
1094 1927 1230 1963 Foular
1256 1940 1355 1963 nunc
1383 1940 1470 1963 vero
1497 1928 1567 1964 suis
1589 1928 1785 1964 heredibus

216 1997 436 2044 spectantem
455 2008 499 2031 ex
517 2000 622 2043 parte
649 1994 819 2030 orientali
838 2016 844 2022 ·
866 1995 964 2041 quod
983 1995 1129 2041 quidem
1154 2000 1403 2031 tenementum
1423 1996 1520 2031 dicta
1539 1996 1684 2032 Helena
1703 2010 1784 2031 cum

217 2064 391 2100 consensu
423 2061 642 2098 Archibaldi
677 2060 833 2098 Stewart
864 2062 1051 2109 burgeusss
1083 2062 1169 2097 dieti
1199 2062 1306 2110 burgi
1335 2063 1387 2098 sui
1416 2063 1529 2111 sponsi
1559 2063 1784 2111 refignauit·

216 2132 421 2169 Reddendo
440 2130 628 2167 annuatim
648 2133 695 2165 30
707 2142 732 2166 s.
759 2135 904 2165 monete
927 2128 1047 2165 Scotie
1067 2130 1317 2167 elimosinariis
1335 2131 1521 2179 hospitalis
1541 2153 1548 2160 ·
1568 2132 1680 2179 Apud
1702 2132 1785 2168 Col-

216 2200 353 2248 legium
372 2202 394 2234 2
409 2198 514 2235 Junii
535 2198 631 2237 1575
660 2209 783 2233 coram
807 2196 954 2232 Joannc
980 2197 1189 2247 Cummyng
1207 2200 1251 2235 de
1273 2199 1414 2236 Cowtie
1432 2199 1603 2247 magistro
1623 2200 1785 2236 Roberto

219 2268 321 2303 Innis
341 2273 377 2303 et
396 2266 583 2303 Richardo
603 2266 826 2313 Henrysoun
846 2278 928 2301 cum
948 2265 1040 2301 aliis.

107 2416 152 2452 91
221 2388 354 2441 APUD
373 2403 567 2451 collegium
589 2402 720 2440 SanEte
741 2401 935 2438 Trinitatis
955 2405 976 2437 2
995 2402 1099 2437 Junii
1121 2404 1215 2441 1575
1235 2424 1241 2431 -
1264 2403 1345 2439 The
1369 2403 1498 2450 quhilk
1525 2405 1595 2452 day
1617 2404 1677 2439 Mr
1695 2404 1786 2440 Wil-

221 2471 329 2507 liame
348 2471 604 2508 Auchmowtie
623 2484 692 2507 ane
712 2471 752 2506 of
775 2470 836 2506 the
855 2471 1093 2518 prebendaris
1113 2470 1153 2505 of
1175 2470 1237 2506 the
1256 2471 1331 2506 said
1352 2470 1498 2507 Trinite
1520 2471 1670 2520 College
1690 2473 1787 2508 callit
