2147 2964
516 275 728 313 SANCTE
756 274 1075 312 TRINITATIS
1101 275 1172 311 DE
1200 275 1533 313 EDINBURGH.
1759 278 1806 316 73

235 386 302 421 per
320 373 479 421 aliquam
507 375 722 422 scripturam
750 374 963 411 attenticam
990 375 1144 422 desuper
1167 374 1371 411 conse-&am
1391 396 1397 403 ·
1418 374 1466 410 Et
1484 375 1554 411 hoc
1573 375 1803 411 decernimus

234 454 301 489 pro
319 448 495 490 perpetuo
520 442 783 478 inuiolabiliter
810 442 907 478 inter
926 442 1038 478 dietas
1065 448 1188 490 partes
1212 442 1476 478 obseruandum
1497 463 1503 470 ·
1525 443 1607 486 Que
1627 444 1749 479 omnia
1768 450 1803 479 et

235 509 375 558 singula
394 522 437 546 ae
455 510 660 557 presentem
680 510 840 545 nostram
863 510 1084 546 sentenciam
1105 510 1177 546 siue
1197 511 1383 546 decretum
1404 512 1450 547 ad
1470 512 1629 548 omnium
1649 526 1803 560 quorum

234 578 386 614 interest
415 578 590 613 noticiam
622 578 755 613 deduci
787 577 953 613 volumus
983 590 1051 624 per
1080 578 1264 625 presentes
1287 599 1294 607 ·
1316 578 1360 614 In
1390 592 1544 626 quorum
1576 581 1737 616 omnium
1768 588 1804 617 et

236 644 458 692 singulorum
476 645 585 680 fidem
604 650 641 680 et
660 644 907 680 testimonium
933 645 1183 692 premissorum
1210 647 1395 694 presentes
1422 648 1546 683 literas
1566 648 1639 684 siue
1658 650 1804 696 presens

235 712 421 760 publicum
440 711 721 747 instrumentum
740 711 900 748 nostram
926 713 1146 748 sentenciam
1167 713 1240 749 siue
1259 714 1445 750 decretum
1465 715 1503 750 in
1523 715 1556 751 se
1575 717 1805 753 continentes

235 780 308 816 siue
327 780 519 816 continens
546 779 676 815 exinde
698 780 777 815 fieri
806 786 841 815 et
864 793 930 827 per
957 780 1118 816 notarios
1144 781 1310 828 publicos
1337 782 1552 830 subscriptos
1579 784 1750 820 subscribi
1770 792 1805 821 et

234 848 412 896 publicari
440 848 692 884 mandauimus
717 848 905 896 nostrique
930 848 1036 896 sigilli
1064 849 1173 885 officii
1201 849 1430 885 officialiatus
1453 850 1714 888 Sanaiandree
1733 866 1805 900 quo

237 917 371 952 vtimur
402 916 560 951 iusiimus
593 921 629 952 et
660 916 813 952 fecimus
845 917 1065 964 appensione
1097 917 1316 953 communiri
1344 939 1351 946 ·
1380 917 1493 954 Le&a
1520 919 1596 955 lata
1624 925 1659 956 et
1686 921 1724 956 in
1751 921 1805 956 his

236 984 377 1032 scriptis
403 985 553 1020 redafita
579 984 647 1019 fuit
673 984 741 1020 hee
771 984 894 1020 nostra
925 985 1110 1021 sentencia
1134 985 1207 1021 siue
1235 985 1423 1022 decretum
1456 987 1493 1022 in
1521 988 1672 1024 ecclesia
1701 989 1806 1025 Beati

237 1052 420 1089 Leonardi
448 1052 545 1088 infra
575 1052 762 1088 ciuitatem
795 1052 1057 1089 Sanffiandree
1084 1053 1166 1088 loco
1195 1053 1299 1089 solito
1327 1059 1363 1089 et
1390 1055 1561 1091 consueto
1592 1057 1639 1092 ad
1669 1057 1806 1094 iudicia

236 1121 426 1157 reddenda
440 1127 476 1157 et
491 1120 616 1156 causas
635 1121 837 1157 audiendas
857 1122 920 1157 sub
939 1135 1036 1158 anno
1055 1135 1076 1157 a
1091 1121 1296 1159 Natiuitate
1315 1121 1469 1158 Domini
1487 1124 1675 1160 millesimo
1694 1127 1806 1173 quad-

236 1190 495 1238 ringentefimo
515 1189 776 1237 septuagesimo
795 1190 924 1237 quinto
943 1191 1073 1227 mensis
1092 1203 1179 1226 vero
1195 1190 1419 1227 Nouembris
1438 1192 1497 1228 die
1513 1193 1656 1229 decimo
1677 1197 1805 1231 0&au0

236 1258 445 1294 indiccione
467 1270 567 1293 nona
594 1258 829 1305 pontificatus
856 1258 1057 1294 sanetiffimi
1085 1258 1122 1294 in
1143 1258 1288 1295 Christo
1315 1260 1430 1307 patris
1457 1273 1500 1296 ac
1527 1261 1667 1297 domini
1693 1262 1806 1299 nostri

238 1326 391 1361 Domini
412 1324 504 1362 Sixti
525 1326 652 1361 diuina
677 1326 916 1373 prouidencia
933 1339 1027 1374 pape
1047 1327 1166 1374 quarti
1186 1339 1282 1362 anno
1306 1327 1434 1374 quinto
1452 1329 1679 1375 presentibus
1698 1344 1805 1367 vene-

237 1393 412 1430 rabilibus
431 1399 467 1429 et
492 1393 657 1428 discretis
684 1393 770 1429 viris
797 1393 978 1442 magistris
1005 1400 1041 1429 et
1068 1395 1226 1430 dominis
1245 1395 1372 1431 Dauid
1390 1395 1501 1443 wae
1521 1397 1709 1434 Willelmo
1728 1399 1806 1436 Dot

238 1462 384 1498 Thoma
403 1461 486 1497 Tod
506 1461 670 1509 Georgio
698 1461 926 1510 Monipenny
946 1462 1109 1498 Roberto
1136 1462 1311 1499 Leuenax
1339 1463 1377 1498 in
1405 1464 1543 1501 artibus
1567 1467 1749 1514 magistris
1769 1475 1805 1504 et

237 1531 274 1565 in
295 1530 452 1566 decretis
471 1530 688 1566 baccalariis
707 1530 862 1565 dominis
882 1529 1046 1565 Hem-ico
1068 1530 1180 1567 Clerk
1201 1537 1237 1567 et
1255 1531 1281 1567 J
1283 1530 1428 1567 ohanne
1447 1532 1642 1569 Mortimar
1659 1533 1805 1583 presby-

237 1601 324 1635 teris
342 1612 425 1635 cum
445 1598 594 1634 diuersis
614 1599 693 1635 aliis
712 1599 759 1634 ad
775 1597 942 1646 premissa
960 1599 1098 1634 vocatis
1117 1599 1256 1647 pariter
1275 1606 1310 1636 et
1330 1600 1478 1648 rogatiS.

978 1695 986 1702 .
1008 1695 1016 1703 .
1038 1694 1045 1703 .
1066 1667 1237 1703 JACOBUS
1258 1667 1382 1704 anr
1404 1696 1413 1704 .
1434 1696 1442 1704 .
1464 1696 1471 1704 .
1492 1670 1655 1705 notarius
1675 1698 1682 1706 .
1705 1699 1712 1706 .
1735 1699 1742 1707 .

979 1764 987 1772 .
1008 1763 1013 1770 .
1036 1762 1043 1770 .
1060 1735 1232 1771 JACOBUS
1252 1735 1386 1772 Fotnr
1404 1764 1412 1772 .
1435 1764 1443 1772 .
1464 1765 1472 1772 .
1493 1738 1657 1774 notarius
1677 1766 1685 1774 .
1706 1767 1715 1775 .
1735 1766 1743 1774 .

240 1804 372 1840 Afitum
392 1803 508 1839 tercio
526 1802 552 1839 J
555 1803 631 1839 unii
651 1816 747 1839 anno
766 1803 918 1840 Domini
945 1803 1134 1839 millesimo
1153 1803 1442 1852 quingentesimo
1466 1805 1645 1841 tricesimo
1663 1807 1792 1854 primo.

339 1871 421 1907 Hec
448 1870 500 1907 est
525 1884 613 1907 vera
639 1872 878 1919 suprascripte
905 1871 1088 1907 sentencie
1114 1871 1187 1906 siue
1205 1871 1343 1908 decreti
1370 1873 1584 1920 principalis
1603 1874 1676 1910 fiue
1696 1876 1804 1924 origi-

386 1939 480 1975 nalis
509 1940 614 1987 eopia
637 1952 755 1987 nuper
780 1952 846 1987 per
872 1940 1117 1976 reuerendum
1144 1940 1331 1976 dominum
1358 1941 1568 1989 magistrum
1594 1942 1805 1981 «Iohannem

386 2007 566 2055 Dingvall
580 2007 672 2043 sedis
687 2007 885 2055 apostolice
902 2007 1217 2055 prothonotarium
1233 2009 1358 2056 vigore
1373 2009 1554 2057 processus
1572 2011 1806 2059 Signgficauit

385 2081 532 2123 reperte
551 2075 696 2123 copiata
714 2081 750 2111 et
769 2075 1011 2112 collacionata
1035 2088 1118 2111 cum
1137 2076 1231 2112 dicto
1249 2077 1417 2125 originali
1435 2090 1502 2125 per
1519 2091 1576 2114 me
1596 2078 1622 2114 J
1624 2079 1804 2117 ohannem

387 2142 466 2178 Ker
494 2142 762 2178 Morauiensem
780 2142 1029 2191 presbyterum
1054 2144 1156 2180 sacra
1175 2144 1371 2192 apostolica
1389 2146 1605 2182 auctoritate
1623 2149 1805 2185 notarium

391 2210 577 2257 publicum
596 2210 662 2245 nill
681 2211 850 2246 addendo
868 2224 936 2247 nec
954 2211 1151 2247 minuendo
1170 2213 1268 2259 quod
1287 2213 1371 2248 faeti
1391 2219 1548 2251 mutaret
1566 2215 1806 2254 substanciam

391 2284 454 2313 aut
484 2278 561 2314 eius
593 2278 752 2314 variaret
779 2279 944 2314 effe&um
970 2279 1032 2315 sub
1056 2279 1112 2315 his
1140 2280 1228 2315 meis
1260 2280 1445 2328 signatura
1475 2288 1511 2318 et
1541 2283 1805 2332 subscripcione

389 2345 549 2381 manuali
576 2346 615 2381 in
639 2346 746 2382 fidem
773 2346 1023 2394 premissorum
1046 2346 1239 2394 requisitus
1264 2361 1384 2384 coram
1410 2349 1464 2385 his
1483 2350 1631 2387 testibus
1650 2353 1806 2390 dominis

389 2418 426 2449 et
452 2414 634 2461 magistris
660 2414 832 2450 Johanne
854 2414 1019 2451 Lethane
1046 2415 1195 2452 ecclesie
1221 2417 1413 2465 collegiate
1443 2418 1663 2456 Sanffiflime
1684 2420 1806 2458 Trini-

992 2495 1016 2518 K
