2147 2964
451 296 522 331 346
1125 292 1309 329 INDEX.

495 394 597 431 burgh,
614 394 702 422 abbas
718 392 822 422 Sancte
839 392 939 421 Crucis
953 391 997 428 de,
1013 392 1076 421 vide
1091 392 1196 421 Sancte
1249 392 1427 429 Edinburch,
1453 392 1574 421 ecclesia
1597 392 1749 430 collegiata
1778 393 1861 421 Beati
1887 393 1986 431 Egidii

499 447 606 483 Crucis,
623 446 753 475 Wedale.
1289 445 1332 481 (le,
1348 445 1410 473 vide
1427 444 1526 474 Sancti
1541 444 1649 482 Egidii.

457 499 633 535 Edinburch,
647 498 812 527 Alexander
822 498 865 535 de,
879 498 998 527 clericus
1013 497 1108 526 Dauid
1124 498 1196 536 epis·
1342 497 1461 526 ecclesia
1471 497 1606 526 Fratrum
1618 497 1831 526 predicatorum
1847 498 1932 535 burgi
1942 498 1986 534 de,

496 552 559 590 copi
576 551 789 587 Sanctianclree,
807 553 855 580 26.
1289 551 1337 578 90.
1398 562 1402 566 ·

547 604 673 632 balliuus
687 604 730 640 de,
746 604 808 632 vide
821 603 934 640 Arnott,
950 602 1072 639 Gilbert,
1088 603 1195 638 Irland,
1342 601 1449 630 Freiris
1471 601 1645 631 Dominicall
1666 602 1876 631 Predicatouris
1889 602 1921 631 of
1938 602 1987 630 the

498 656 588 692 Litill,
604 656 792 692 Robertsoun,
810 655 930 691 Vddart,
946 655 1062 693 Yhong.
1288 655 1381 691 burgh
1397 654 1433 690 of,
1450 656 1518 691 247,
1534 656 1601 689 251,
1618 655 1684 683 255.

551 708 702 737 Blaklokis
716 707 794 737 Clois
807 708 846 744 in,
865 709 930 743 125,
950 709 1015 737 126.
1344 707 1451 735 Freiris
1473 707 1593 735 Minoris
1613 716 1644 735 or
1666 707 1865 735 Franciscanis
1887 707 1919 735 of
1939 706 1987 735 the

552 761 654 789 Buikis
667 761 698 789 of
714 756 854 789 Counsale
869 760 905 797 of,
921 760 988 789 libri
1010 761 1196 789 Dominorum
1289 759 1383 796 burgh
1398 759 1434 795 of,
1451 760 1519 794 247,
1534 760 1602 795 251,
1618 760 1686 788 255.

498 813 629 850 Concilii,
648 814 714 847 127,
732 815 797 841 147.
1343 812 1546 841 Fundatioune
1560 812 1591 840 of
1602 812 1650 840 the
1665 812 1806 841 Ministrie
1821 811 1878 840 and
1892 811 1985 849 hospi-

550 865 700 902 burgensis
720 865 763 900 (le,
778 866 840 893 vide
862 864 1022 901 Achesoun,
1047 864 1195 901 Ballintin,
1289 864 1380 893 talitie
1395 864 1430 899 of,
1446 865 1512 898 254,
1529 865 1598 892 257.

1342 915 1436 944 incola
1449 916 1492 951 de,
1509 917 1571 944 vide
1586 915 1768 950 Mackesoun‚
1781 915 1853 944 Red.

1342 968 1408 996 kirk
1422 968 1530 1005 livings
1545 968 1581 1004 of,
1597 969 1740 996 246-258.

1341 1020 1368 1049 le
1384 1021 1501 1049 Burrow
1517 1020 1599 1049 Mure
1613 1020 1656 1056 de,
1673 1021 1741 1049 309.

1341 1073 1368 1101 le
1382 1072 1481 1101 castell
1496 1072 1573 1101 bank
1588 1073 1631 1107 de,
1648 1074 1716 1101 266.

1342 1125 1368 1154 le
1384 1125 1517 1162 Cowgait
1531 1125 1574 1161 de,
1590 1126 1658 1161 268,
1675 1126 1744 1154 269.

1342 1177 1369 1206 le
1384 1177 1588 1215 Nudryswynd
1603 1178 1641 1214 in,
1658 1179 1726 1206 269.

499 918 634 954 Bartoun,
647 917 745 954 Birny,
759 917 903 954 Bothuile,
916 917 1037 954 Bruyce,
1050 917 1196 953 Buchane,

498 970 635 1006 Cathkin,
655 969 854 1006 Danielstoun,
871 970 1070 1007 Dungalsoun,
1085 969 1196 1006 Ferret,

499 1023 613 1060 Foular,
637 1023 787 1058 Gardinar,
811 1023 931 1059 Gilbert,
955 1022 1042 1060 Gray,
1066 1022 1196 1051 Hender-

499 1086 578 1108 soun.
601 1076 702 1113 Inglis,
732 1075 801 1112 Ker,
826 1075 962 1110 Kinloch,
991 1075 1095 1112 Laing,
1120 1074 1196 1103 Lek-

499 1128 609 1166 preuik,
625 1128 734 1166 Logan,
758 1128 912 1163 Loureson,
937 1126 1085 1163 Quhittok,
1102 1126 1196 1162 Roull,

500 1180 667 1218 Sampsoun,
718 1180 794 1216 Seot,
852 1179 964 1216 Smytb,
1008 1179 1196 1214 Stauentoun,

499 1232 630 1269 Stewart,
668 1231 793 1269 Todryk,
839 1231 950 1265 Touris,
986 1230 1196 1266 Williamsoun,
1249 1247 1328 1252 —
1342 1230 1369 1259 le
1385 1230 1532 1258 Buithraw
1547 1230 1577 1258 in
1590 1229 1662 1258 villa
1676 1230 1719 1266 de,
1736 1231 1804 1259 309.

497 1284 582 1313 Wod.
1248 1283 1420 1312 —locus
1442 1283 1578 1312 Fratrum
1599 1283 1813 1312 Predicatorum
1837 1284 1921 1322 burgi
1942 1284 1986 1320 de,

551 1337 660 1374 burgus
674 1336 839 1365 monasterii
862 1335 966 1364 Sancte
989 1334 1087 1364 Crucis
1101 1344 1196 1373 prope,
1289 1337 1357 1365 264.

1343 1389 1543 1426 ludimagister
1556 1389 1595 1425 in,
1611 1389 1674 1417 vide
1689 1388 1773 1417 Blak.

1343 1441 1479 1479 magister
1514 1440 1717 1470 Gramaticalis
1746 1441 1826 1471 Scole
1854 1442 1897 1478 de,
1925 1443 1988 1471 vide

493 1389 790 1424 Vicuscanonicorum,
803 1388 865 1417 vide
875 1387 1078 1425 Fassingtoun,
1085 1388 1195 1425 Logan,

499 1442 603 1470 Sancte
619 1441 728 1478 Crucis,
744 1440 1020 1470 Vicieanonicorum.

551 1494 667 1531 burgus,
694 1493 837 1532 oppidum,
861 1503 911 1521 seu
931 1493 1003 1520 villa
1026 1493 1070 1528 de,
1093 1494 1120 1529 3,
1149 1493 1195 1527 19,
1290 1494 1391 1523 Vocat.

497 1548 544 1581 24,
568 1547 615 1582 30,
632 1547 679 1582 35,
697 1547 745 1581 46,
761 1547 809 1582 53,
826 1547 878 1582 57,
890 1546 938 1581 58,
955 1547 1002 1581 62,
1019 1547 1066 1581 64,
1084 1546 1131 1581 65,
1148 1547 1194 1581 67,
1342 1547 1544 1576 monasterium
1569 1547 1672 1576 Sancte
1695 1547 1794 1576 Crucis
1815 1557 1909 1586 prope,
1925 1548 1987 1576 vide

497 1601 544 1633 77,
561 1599 608 1634 80,
626 1599 673 1633 86,
690 1599 737 1633 91,
755 1598 856 1634 95-99,
875 1599 941 1634 103,
960 1599 1026 1634 104,
1045 1599 1110 1634 108,
1129 1599 1194 1633 110,
1290 1599 1393 1628 Sancte
1409 1599 1518 1628 Crucis.

499 1653 565 1685 111,
597 1653 662 1687 117,
691 1652 833 1687 124-126,
862 1651 1002 1686 128-132,
1032 1652 1098 1687 134,
1128 1652 1194 1687 136,
1342 1660 1439 1679 murus
1453 1651 1540 1680 castri
1554 1651 1597 1687 de,
1614 1652 1681 1680 266.

499 1704 564 1739 137,
590 1705 655 1739 139,
681 1705 746 1739 145,
772 1704 838 1740 146,
864 1704 929 1738 149,
954 1703 1019 1738 150,
1043 1704 1195 1738 152‚153‚

499 1757 638 1791 155-157,
657 1756 1194 1792 159-163,166‚170-172,174,176,

500 1809 564 1843 193,
578 1809 719 1843 233-235,
733 1809 800 1843 237,
814 1809 956 1844 243-257,
972 1808 1114 1844 261-269,
1127 1809 1194 1843 271,
1249 1825 1324 1829 -—-
1340 1808 1499 1846 prepositus
1526 1808 1642 1836 ecclesie
1677 1813 1771 1838 nostre
1799 1809 1921 1838 Domine
1956 1810 1984 1838 in

497 1861 564 1896 272,
590 1860 656 1895 278,
682 1861 749 1895 280,
774 1860 842 1895 290,
868 1860 936 1895 292,
960 1860 1102 1895 294-296,
1127 1861 1193 1895 298,
1289 1859 1405 1898 Campis
1419 1870 1513 1898 prope,
1528 1861 1592 1889 vide
1607 1861 1750 1897 Bothuile,
1767 1861 1834 1890 Ker.

498 1912 565 1947 309,
581 1912 649 1945 311,
666 1913 733 1948 319,
750 1913 892 1947 324-326,
910 1912 976 1947 331,
994 1913 1060 1940 332.

1343 1707 1495 1741 perpetuus
1509 1703 1634 1732 vicarius
1648 1703 1691 1739 de,
1702 1704 1764 1733 vide
1779 1704 1984 1742 Reclynetoun.

1338 1756 1496 1794 prepositus
1510 1756 1595 1793 burgi
1606 1756 1649 1792 de,
1660 1756 1724 1785 vide
1733 1756 1823 1793 Litill,
1835 1757 1983 1786 Prestouu.

1343 1912 1489 1941 seriandus
1510 1913 1595 1950 burgi
1609 1913 1652 1949 de,
1668 1913 1731 1941 vide
1752 1914 1852 1950 Arnot,
1869 1914 1983 1949 Barcar,

551 1968 675 1992 castrum
690 1964 734 1999 de,
750 1964 813 1993 vide
828 1963 1004 1992 Puellarum.
1288 1965 1388 2002 lnglis,
1404 1964 1522 2001 Nesbet,
1539 1965 1674 2001 Ochiltre,
1691 1965 1809 1994 Purves.

551 2016 660 2054 college
681 2016 713 2045 of
729 2016 778 2045 the
793 2016 887 2053 burgh
902 2017 938 2052 of,
958 2017 1024 2053 248,
1042 2018 1109 2053 250,
1126 2018 1193 2054 253,
1342 2017 1528 2046 towne-clerk
1542 2017 1577 2053 of,
1594 2017 1656 2045 vide
1671 2017 1809 2055 Gothray.

498 2070 565 2097 256.
1341 2070 1498 2098 vicecomes
1512 2070 1556 2105 de,
1572 2070 1634 2098 vide
1650 2069 1779 2099 Siuclair.

550 2120 701 2158 collegium
716 2125 746 2149 et
759 2121 898 2159 hospitale
921 2121 1024 2150 Sancte
1045 2121 1196 2150 Trinitatis
1340 2122 1554 2150 vicecomitatus
1582 2122 1626 2158 de,
1656 2123 1703 2158 82,
1733 2123 1834 2158 84-86,
1865 2124 1911 2159 90,
1935 2125 1981 2158 92,

499 2182 591 2210 prope,
608 2173 669 2201 vide
686 2173 790 2201 Sancte
805 2183 854 2202 seu
870 2173 1063 2203 Sanctissime.
1287 2175 1334 2211 93,
1357 2175 1404 2210 95,
1428 2176 1474 2210 97,
1499 2176 1565 2211 122,
1583 2176 1648 2211 127,
1667 2176 1732 2211 129,
1750 2177 1815 2212 130,
1833 2178 1898 2212 132,
1917 2178 1982 2212 133,

551 2224 723 2253 Commissar
738 2225 839 2254 Buikis
854 2226 889 2261 of,
908 2227 972 2254 127.
1288 2228 1354 2264 137,
1369 2228 1434 2261 139,
1448 2228 1513 2263 142,
1528 2228 1667 2264 145-149,
1682 2229 1820 2264 151-155,
1834 2229 1900 2264 240,
1914 2231 1981 2264 277,

550 2276 650 2304 domus
663 2277 829 2314 campanilis
844 2278 912 2306 ville
925 2278 968 2313 de,
985 2279 1051 2307 309.
1286 2280 1353 2313 313,
1370 2280 1437 2315 314,
1454 2280 1520 2315 327,
1537 2280 1605 2309 329.

550 2328 649 2356 domus
662 2329 801 2357 Wauklet
815 2329 854 2365 in,
872 2331 918 2358 65.
1338 2331 1426 2359 Vicus
1452 2331 1561 2368 Regius
1595 2331 1639 2368 de,
1672 2332 1797 2370 Magnus
1828 2332 1916 2362 Vicus
1937 2333 1980 2367 de,

458 2395 535 2399 ψ-
550 2380 668 2408 ecclesia
681 2380 769 2409 Beate
784 2381 875 2409 Marie
890 2381 924 2409 de
940 2378 1055 2420 Carirpis
1070 2382 1114 2418 de,
1130 2384 1193 2411 vide
1271 2383 1385 2412 Strata
1403 2383 1496 2420 Regia
1517 2382 1560 2418 de,
1577 2385 1644 2420 261,
1661 2385 1729 2421 266,
1745 2385 1813 2419 268,
1829 2385 1895 2420 269,
1913 2385 1979 2419 309,

497 2430 583 2458 Beate
599 2432 698 2460 Mario.
1285 2436 1352 2470 324,
1368 2436 1436 2464 325.
