2147 2964
196 436 263 468 los

198 1186 266 1221 109

204 1865 272 1896 110

208 2068 269 2099 111

333 265 399 297 142
624 254 937 295 REGISTRUM
966 251 1220 291 ECCLESIE
1250 250 1590 288 COLLEGIATE

328 413 376 468 P
381 440 556 464 ATmcith
580 425 737 474 Spruyle
765 423 912 459 sacrista
931 435 1013 458 cum
1033 422 1207 457 consensu
1226 419 1399 469 prepositi
1418 426 1454 456 et
1472 418 1799 467 prebendariorum
1820 430 1903 453 con-

329 498 426 533 cedit
444 496 630 533 Gulielmo
651 493 840 530 iVardlaw
866 491 940 527 filio
969 497 1005 527 et
1035 491 1164 527 heredi
1193 491 1386 539 apparenti
1416 489 1622 525 Alexandri
1648 487 1830 524 Wardlaw
1859 488 1903 522 dc

330 565 558 601 Richartoun
579 570 614 599 et
631 562 830 598 heredibus
857 561 954 596 inter
975 560 1111 595 distum
1133 559 1359 595 Gulielmum
1385 568 1420 594 et
1440 559 1692 605 Margaretam
1712 557 1809 592 Pont
1828 557 1905 592 eius

328 635 487 670 futuram
520 631 680 680 sponsam
710 629 950 678 procreandis
980 629 1111 675 quibus
1143 628 1396 664 deficientibus
1427 627 1624 662 heredibus
1657 632 1692 661 et
1722 625 1905 673 assignatis

332 702 509 738 Gulielmi
538 700 814 748 quibuscunque
842 697 1004 744 quinque
1032 702 1213 732 marcatas
1243 704 1424 732 terrarum
1452 696 1497 731 de
1526 695 1606 730 Hill
1633 694 1818 742 prebende
1846 695 1905 729 sue

328 771 554 818 pertinentes
573 769 736 804 iacentes
764 767 801 801 in
824 765 979 801 baronia
997 765 1042 800 de
1062 765 1223 801 Balarno
1243 771 1279 800 et
1298 765 1395 800 infra
1415 764 1708 800 vicecomitatum
1729 763 1774 798 de
1794 763 1905 798 Edin-

328 839 448 887 burgh
464 838 629 874 Issbbelle
651 836 852 872 Cokburne
872 835 949 870 eius
969 833 1049 869 auie
1068 833 1290 869 hereditarie
1313 833 1538 881 pertinentes
1558 839 1594 868 et
1612 845 1678 879 per
1698 844 1776 867 eam
1798 831 1905 879 resig-

328 915 433 945 natas
453 929 459 936 -
481 906 686 943 Reddendo
705 904 896 940 annuatim
917 902 969 938 35
997 908 1142 938 monete
1165 901 1287 938 Scotie
1315 914 1459 937 necnon
1487 901 1682 949 prestando
1702 906 1775 935 tres
1794 900 1906 935 se&as

330 977 429 1014 curie
448 977 495 1012 ad
514 976 585 1011 tria
604 974 741 1022 placita
768 971 941 1020 capitalia
968 970 1139 1018 prepositi
1160 971 1257 1018 apud
1286 970 1478 1018 collegium
1509 969 1697 1005 annuatim
1719 969 1879 1004 tenenda
1899 991 1905 996 -

330 1046 443 1093 Apud
465 1044 672 1091 Collegium
694 1045 715 1077 8
733 1041 905 1077 Januarii
929 1041 1035 1079 1579.

328 1166 519 1220 JOANNES
541 1181 692 1216 Bowsm
710 1178 796 1227 [etc.
817 1183 856 1212 ut
874 1177 978 1225 supra
995 1176 1065 1211 No.
1083 1178 1151 1210 104
1169 1175 1279 1221 usque
1299 1175 1345 1210 ad
1360 1187 1493 1210 nomen
1510 1175 1687 1210 Richardi
1703 1174 1905 1223 Bynnyng]

331 1250 553 1287 Laurentius
590 1248 765 1284 Gardnar
801 1252 837 1281 et
875 1244 1065 1281 Gilbertus
1103 1243 1324 1291 Henrysoun
1360 1243 1589 1290 hospitularii
1627 1248 1662 1278 et
1695 1243 1909 1279 Alexander

335 1319 555 1367 Henrysoun
584 1315 756 1364 magister
782 1313 969 1361 hospitalis
997 1312 1205 1347 concedunt
1226 1311 1368 1346 Jacobo
1389 1310 1530 1358 Turpie
1558 1311 1595 1346 in
1616 1310 1847 1360 Ballomylne
1875 1318 1910 1348 et

333 1388 529 1424 heredibus
556 1386 626 1421 suis
661 1383 828 1419 masculis
860 1382 991 1429 quibus
1019 1380 1273 1416 deficientibus
1301 1380 1434 1415 seniori
1466 1379 1641 1416 heredum
1673 1380 1910 1416 feminearuni

334 1458 466 1504 absque
482 1454 656 1491 diuisione
674 1458 842 1500 quartam
861 1458 1002 1499 partem
1023 1456 1204 1485 terrarum
1226 1449 1272 1483 de
1289 1447 1490 1496 Vthrogall
1509 1448 1686 1484 iacentem
1706 1449 1803 1484 infra
1817 1450 1910 1485 vice-

334 1526 545 1561 comitatum
563 1523 608 1557 de
620 1521 723 1569 Fyff-
737 1520 953 1556 Alexandro
966 1517 1150 1554 Rankello
1163 1517 1237 1552 filio
1253 1522 1288 1552 et
1303 1517 1431 1552 heredi
1446 1517 1629 1564 quondam
1644 1517 1802 1553 Joannis
1814 1517 1911 1553 Ran-

335 1594 433 1629 kello
453 1593 490 1628 in
509 1589 730 1638 Vtherogall
748 1588 918 1637 perprius
933 1586 1158 1623 hereditarie
1175 1585 1421 1632 pertinentem
1441 1591 1476 1620 et
1493 1598 1558 1633 per
1573 1598 1654 1621 eum
1670 1585 1886 1634 resignatam
1903 1608 1909 1614 ·

336 1661 541 1698 Reddendo
572 1658 760 1695 annuatim
788 1657 855 1693 386.
888 1660 950 1696 9s.
986 1661 1133 1691 monete
1172 1653 1293 1690 Scotie
1325 1659 1496 1700 tanquam
1529 1653 1669 1689 firmam
1703 1654 1909 1690 consuetam

339 1742 493 1765 vnacum
513 1728 536 1764 6
549 1741 573 1763 s.
590 1727 628 1762 in
648 1724 985 1774 augmentationem
1005 1722 1156 1759 rentalis
1174 1744 1180 1750 -
1198 1721 1311 1768 Apud
1328 1720 1534 1768 Collegium
1556 1725 1602 1757 10
1617 1722 1759 1769 Aprilis
1780 1725 1885 1758 1580.

339 1850 518 1906 REGRES
539 1863 679 1910 grantit
697 1862 738 1897 of
750 1861 811 1897 the
830 1860 977 1896 foirsaid
997 1860 1170 1895 chartour
1190 1864 1226 1893 to
1247 1858 1461 1894 Alexander
1480 1858 1669 1894 Rankelor
1685 1879 1690 1886 ·
1708 1861 1753 1893 10
1769 1858 1911 1906 Apryle

341 1937 444 1971 1580.

339 2055 625 2107 INUENTARmM
663 2074 845 2104 cartarum
881 2071 917 2101 et
952 2065 1105 2100 aliarum
1144 2062 1412 2098 euidentiarum
1456 2062 1719 2109 pertinentium
1756 2062 1910 2110 collegio

344 2138 474 2175 Sansste
494 2136 691 2173 Trinitatis
710 2147 825 2183 prope
844 2133 1063 2181 Edinburgh
1091 2137 1128 2168 et
1151 2132 1188 2166 in
1209 2131 1393 2167 communi
1422 2130 1502 2166 sista
1529 2130 1758 2166 existentium
1777 2130 1910 2165 fafitum

342 2208 379 2242 in
399 2206 566 2242 cubiculo
585 2203 749 2252 magistri
769 2201 924 2238 Roberti
942 2201 1039 2236 Pont
1056 2200 1229 2248 prepositi
1251 2200 1309 2235 vbi
1327 2199 1423 2235 diaa
1442 2199 1522 2234 sista
1539 2199 1704 2234 seruatur
1723 2199 1782 2233 die
1802 2198 1910 2234 tertio

343 2275 471 2310 mensis
490 2274 595 2309 Junii
619 2284 716 2308 anno
742 2274 837 2306 1580
867 2270 904 2304 in
931 2269 1114 2316 presentia
1140 2268 1225 2304 dieti
1253 2267 1425 2315 prepositi
1453 2266 1659 2302 Alexandri
1688 2265 1909 2313 Henrysoun

345 2342 495 2378 Patricii
518 2340 689 2388 Spruylle
706 2338 850 2375 sacriste
869 2337 1002 2374 Jacobi
1022 2336 1245 2384 Henrysoun
1264 2336 1427 2383 magistri
1446 2335 1471 2371 J
1474 2334 1626 2370 ohannis
1647 2333 1910 2370 Manderstoun

347 2408 506 2456 magistri
526 2408 701 2444 Willelmi
723 2405 978 2442 Auchmoutie.
