2147 2964
226 652 246 681 Ν,

251 652 284 685 μ,

343 284 388 315 24
808 277 1126 315 REGISTRUM
1155 276 1459 314 CARTARUM

343 460 457 494 Carta
482 458 580 506 regis
600 457 806 493 Alexandri
834 456 879 491 de
908 456 1111 492 donacione
1139 462 1320 492 terrarum
1349 456 1624 504 Brothirstanys
1645 457 1857 505 Gillystoun
1884 465 1917 492 ct

342 527 544 563 Soltrehill.

344 636 577 688 Alexander
607 649 682 685 Dei
712 649 840 697 gracia
870 661 935 683 rex
967 647 1176 684 Scottorum
1207 648 1375 684 omnibus
1406 649 1531 695 probis
1561 649 1769 684 hominibus
1802 650 1918 685 tocius

343 726 441 756 terre
459 720 519 754 sue
540 718 684 754 clericis
703 724 739 753 et
757 717 861 753 laicis
879 716 1031 752 salutem
1051 737 1058 745 ·
1081 716 1208 753 Sciant
1226 718 1413 764 presentes
1433 723 1469 752 et
1489 717 1602 752 futuri
1622 730 1688 753 nos
1707 718 1745 753 in
1765 718 1918 753 liberam

343 789 566 824 elimosinam
582 786 785 823 concefliffe
805 792 840 822 et
858 786 927 821 hac
948 792 1051 821 carta
1068 785 1192 820 nostra
1211 785 1435 821 confirmasse
1450 785 1533 821 Deo
1549 792 1585 821 et
1600 786 1768 834 hospitali
1786 786 1919 822 Sancte

345 858 541 894 Trinitatis
561 858 605 893 de
628 856 747 893 Soltre
776 862 889 891 totam
910 861 1045 890 terram
1074 854 1175 889 illam
1201 866 1271 901 que
1291 854 1387 889 iacet
1413 854 1510 888 inter
1539 854 1602 889 has
1630 854 1762 889 diuisas
1785 854 1921 889 scilicet

343 927 439 962 inter
458 925 731 961 Brothirstanes
756 930 792 959 et
819 924 979 959 riuulum
1007 922 1252 970 aquilonalem
1278 928 1314 957 et
1341 921 1500 957 riuulum
1530 922 1721 957 australem
1752 929 1787 958 et
1811 924 1919 970 vsque

344 996 390 1031 ad
417 995 577 1030 riuulum
603 994 817 1029 orientalem
847 993 885 1028 111
905 992 1124 1041 Lynnesden
1153 998 1187 1026 et
1214 991 1260 1026 ab
1287 991 1363 1038 ipso
1387 991 1507 1026 riuulo
1534 992 1704 1027 orientali
1731 1005 1798 1039 per
1826 994 1919 1027 viam

344 1078 413 1111 que
433 1064 534 1099 ducit
559 1063 604 1098 ad
632 1062 769 1110 regiam
790 1062 885 1096 viam
914 1061 1124 1096 tendentem
1145 1060 1267 1095 versus
1287 1059 1487 1107 Roxburgli
1509 1080 1515 1086 ·
1535 1059 1715 1095 Volumus
1744 1061 1866 1107 itaque
1886 1068 1919 1096 et

344 1133 563 1180 precipimus
582 1137 619 1166 vt
636 1130 839 1178 p1·edi6tun1
857 1129 1033 1177 hospitale
1051 1135 1087 1164 et
1106 1130 1182 1164 eius
1201 1129 1367 1164 custodes
1387 1135 1522 1164 terram
1542 1129 1745 1176 predictam
1761 1129 1922 1165 habeant

345 1209 380 1238 et
398 1201 601 1249 poffideant
627 1200 679 1235 ita
706 1199 821 1234 libere
849 1204 884 1234 et
903 1199 1026 1245 quiete
1055 1198 1107 1233 ita
1133 1197 1284 1245 pacifice
1312 1203 1347 1232 et
1373 1197 1575 1232 honorifice
1596 1197 1685 1233 sicut
1705 1204 1807 1233 carta
1825 1199 1921 1246 regis

346 1270 532 1307 Malcolmi
553 1269 727 1305 auunculi
746 1267 860 1302 nostri
880 1274 915 1303 et
936 1266 1170 1302 confirmacio
1190 1265 1329 1300 domini
1357 1266 1454 1312 regis
1473 1265 1650 1300 Willelmi
1673 1267 1789 1313 patris
1808 1267 1920 1301 nostri

346 1341 431 1376 inde
450 1340 543 1375 facte
562 1338 741 1374 testantur
759 1343 794 1372 et
812 1336 1031 1371 confirmant
1048 1356 1055 1363 ·
1077 1334 1211 1369 Nullus
1230 1334 1354 1380 itaque
1374 1333 1426 1368 eis
1445 1334 1641 1369 forisfaciat
1660 1335 1766 1381 super
1780 1335 1921 1369 firmam

346 1408 609 1443 foriffaeturam
632 1412 668 1441 et
688 1404 935 1440 defensionem
962 1402 1122 1438 nostram
1143 1424 1150 1430 ·
1171 1401 1322 1437 testibus
1343 1401 1489 1436 Thoma
1507 1402 1552 1437 de
1575 1401 1786 1450 Striuelyne
1806 1402 1924 1438 archi-

348 1477 503 1511 diacono
530 1475 575 1509 de
604 1473 743 1520 Glasgu
767 1471 936 1519 Philippo
963 1472 1007 1506 de
1037 1470 1221 1518 Moubray
1246 1470 1417 1518 Ingeram
1447 1471 1492 1505 dc
1518 1470 1667 1506 Bailliol
1690 1471 1852 1506 Roberto
1878 1472 1923 1506 de

349 1546 423 1580 Ros
442 1543 567 1579 Dauid
588 1542 733 1589 Cumyn
754 1562 762 1569 ·
782 1541 879 1588 apud
898 1539 1130 1588 Edynburgh
1150 1538 1318 1575 vicesimo
1344 1539 1459 1574 tercio
1485 1539 1544 1574 die
1574 1538 1799 1586 Septembris
1827 1552 1923 1574 anno

348 1613 453 1661 regni
472 1611 586 1648 nostri
606 1616 736 1657 quarto
756 1608 909 1644 decimo.

351 1772 466 1809 Carta
486 1769 641 1806 Walteri
661 1767 820 1816 episcopi
842 1764 1074 1813 Glasguensis
1094 1764 1138 1799 de
1159 1762 1443 1798 confirmacione
1462 1761 1611 1797 ecclesie
1632 1762 1676 1796 de
1698 1761 1811 1797 Orde.

354 1877 549 1932 Omnibus
570 1893 688 1928 sancte
706 1889 833 1926 matris
853 1887 1002 1924 ecclesie
1021 1885 1105 1921 filiis
1124 1883 1352 1932 presentibus
1372 1888 1407 1918 et
1425 1882 1557 1917 futuris
1573 1881 1762 1916 VValterus
1781 1881 1923 1917 misera-

351 1963 455 1998 cione
487 1961 613 1997 diuina
644 1957 793 1995 ecclesie
828 1953 1062 2002 Glasguenfis
1092 1952 1255 1988 minister
1287 1957 1452 1987 eternam
1483 1950 1521 1985 111
1553 1949 1715 1985 Domino
1747 1949 1923 1985 salutem·

353 2031 513 2067 Nouerit
542 2028 756 2065 vniuersitas
786 2026 907 2062 vestra
937 2037 1004 2059 nos
1033 2022 1158 2058 diuine
1187 2021 1334 2068 pietatis
1361 2019 1496 2054 intuitu
1523 2025 1558 2054 et
1583 2018 1630 2053 ad
1653 2018 1869 2053 instanciam
1889 2025 1923 2054 et

352 2100 572 2147 peticionem
599 2096 740 2133 domini
760 2093 910 2130 Ricardi
932 2092 1122 2139 Germyne
1150 2090 1226 2125 veri
1255 2089 1402 2137 patroni
1430 2087 1578 2123 ecclesie
1604 2087 1648 2122 de
1670 2085 1772 2122 Orde
1792 2086 1924 2122 dedisse

354 2167 556 2204 eonceffifl'e
576 2172 612 2202 et
629 2165 699 2200 hac
717 2162 877 2212 presenti
897 2167 999 2197 carta
1016 2160 1139 2195 nostra
1166 2156 1390 2194 confirmafle
1409 2155 1558 2192 ecclesie
1580 2154 1709 2191 sanae
1730 2153 1924 2190 Trinitatis

354 2237 398 2271 de
427 2235 547 2272 Soltre
576 2240 611 2270 et
639 2232 814 2268 fratribus
844 2230 980 2265 ibidem
1008 2228 1090 2263 Deo
1122 2226 1365 2262 seruientibus
1397 2230 1432 2260 et
1463 2222 1650 2259 seruituris
1683 2222 1728 2257 ad
1758 2222 1856 2257 suam
1888 2229 1923 2258 et

354 2316 556 2351 pauperum
574 2300 879 2338 sustentacionem
900 2296 1089 2333 ecclesiam
1119 2296 1164 2331 de
1185 2295 1288 2331 Orde
1317 2295 1354 2329 in
1376 2293 1456 2329 vsus
1480 2291 1645 2340 proprios
1665 2296 1700 2325 et
1720 2303 1922 2337 pauperum

354 2378 532 2419 perpetuo
551 2369 797 2419 possidendam
819 2379 902 2403 cum
929 2365 1037 2401 terris
1056 2363 1206 2400 decimis
1233 2360 1518 2398 obuencionibus
1537 2364 1573 2394 et
1592 2358 1759 2393 omnibus
1779 2357 1857 2393 aliis
1877 2359 1923 2393 ad

356 2441 507 2476 eandem
529 2438 715 2474 ecclesiam
734 2436 827 2472 iuste
846 2433 1116 2483 pertinentibus
1139 2431 1175 2466 in
1195 2430 1347 2465 liberam
1365 2440 1493 2475 puram
1513 2432 1549 2462 et
1566 2431 1780 2473 perpetuam
1800 2425 1924 2460 elimo-
