2147 2964
215 1384 273 1419 36.

329 265 375 295 :30
792 255 1110 293 REGISTRUM
1138 255 1440 293 CARTARUM

328 371 476 394 manum
494 356 603 405 ipsius
622 356 685 404 qui
702 369 770 404 pro
795 362 960 403 tempore
988 355 1190 403 predietum
1212 355 1464 391 molendinum
1491 355 1652 391 tenuerit
1670 376 1678 383 ·
1701 354 1902 390 Habendos

329 433 364 463 et
392 426 648 474 percipiendos
678 425 826 473 singulis
847 424 952 460 annis
977 425 1022 459 de
1047 437 1104 459 me
1130 430 1166 460 et
1189 424 1386 460 heredibus
1413 422 1502 458 meis
1522 423 1580 458 vel
1606 422 1697 458 meis
1717 421 1902 470 affignatis

327 497 364 531 in
383 495 538 531 liberam
559 507 688 542 puram
714 499 750 530 et
776 498 992 540 perpetuam
1021 492 1244 528 elimosinam
1277 492 1368 527 adeo
1397 491 1513 527 libere
1539 491 1662 538 quiete
1681 490 1847 538 plenarie
1867 495 1902 525 et

329 563 529 598 honorifice
547 561 636 597 ficut
655 562 779 608 aliqua
802 560 989 596 elimosina
1014 560 1052 595 in
1078 566 1155 596 toto
1177 573 1292 608 regno
1314 559 1442 596 Seocie
1462 559 1571 595 alicui
1590 559 1715 594 domui
1734 557 1902 605 religiose

329 633 374 667 ab
399 631 521 678 aliquo
548 630 690 678 parium
718 641 881 665 meorum
908 628 1038 663 melius
1062 629 1225 675 quiecius
1251 627 1394 675 plenius
1412 626 1722 662 honorificencius
1741 625 1903 662 conferri

331 699 448 748 potest
471 699 528 734 vel
555 699 600 734 ab
627 698 754 734 eadem
781 697 951 744 poffideri
971 716 978 724 ·
998 696 1077 744 Ego
1102 709 1188 732 vero
1216 701 1252 731 et
1279 695 1433 731 heredes
1461 694 1533 730 mei
1552 694 1610 729 vel
1639 694 1711 730 mei
1737 693 1902 741 affignati

330 768 553 804 elimofinam
576 767 778 814 medietarii
798 766 892 800 diete
917 764 1041 799 domui
1067 765 1112 800 de
1134 764 1254 801 Soltre
1279 769 1315 799 et
1337 763 1512 799 fratribus
1535 763 1670 798 ibidem
1691 762 1775 798 Deo
1795 762 1903 797 serui-

330 837 474 873 entibus
504 837 773 882 imperpetuum
806 833 1126 870 warantizabimus
1151 854 1158 861 ·
1185 832 1256 867 hiis
1287 831 1437 867 testibus
1465 831 1614 866 domino
1640 830 1828 866 Willelmo
1858 831 1902 865 de

330 905 496 952 Douglas
521 904 667 938 domino
686 902 854 937 Waltero
879 903 924 937 de
952 901 1103 950 Logane
1129 902 1309 936 Duncano
1337 900 1381 935 de
1400 899 1567 946 Douglas
1590 898 1790 934 Benedhsto
1816 905 1902 934 tunc

331 975 470 1009 decano
490 971 650 1007 Ricardo
670 970 805 1006 clerieo
825 976 861 1005 et
880 970 960 1005 aliis
979 989 986 997 ·
1006 969 1050 1004 In
1075 969 1318 1005 testimonium
1340 981 1427 1004 vero
1451 968 1559 1003 huius
1585 967 1798 1002 donacionis
1818 967 1902 1002 huic

332 1048 431 1077 carte
451 1039 605 1087 sigillum
625 1051 745 1074 meum
765 1038 914 1085 apposui
934 1038 1030 1085 apud
1046 1037 1190 1086 Kynlos
1210 1050 1306 1072 anno
1326 1035 1514 1072 millefimo
1535 1039 1612 1071 eemo
1627 1034 1903 1083 quadragesimo

474 1109 541 1125 .....

332 1122 428 1146 nono
448 1121 526 1144 xnn
560 1108 736 1143 kalendas
753 1107 856 1142 Julii.

333 1258 447 1294 Carta
464 1257 489 1292 J
493 1256 647 1291 ohannis
666 1254 893 1290 Marresealli
914 1254 957 1289 de
978 1253 1077 1289 Keth
1098 1253 1143 1287 de
1162 1251 1270 1288 terris
1289 1252 1334 1287 de
1353 1251 1379 1286 J
1382 1251 1571 1299 onystoun.

334 1361 476 1415 Sciant
502 1389 627 1411 omnes
652 1381 726 1411 tam
753 1374 938 1421 presentes
963 1385 1071 1419 quam
1099 1370 1212 1406 futuri
1237 1371 1335 1417 quod
1360 1383 1428 1418 ego
1450 1370 1642 1407 Johannes
1666 1370 1904 1408 Mareseallus

330 1446 375 1480 de
395 1445 494 1480 Keth
515 1444 599 1480 dedi
619 1450 654 1479 et
674 1441 828 1478 eonoeffi
848 1447 884 1477 et
902 1441 972 1476 hae
989 1440 1148 1488 presenti
1169 1445 1272 1475 carta
1293 1451 1375 1474 mea
1394 1439 1608 1475 confirmaui
1626 1439 1708 1475 Deo
1727 1446 1763 1476 et
1782 1441 1904 1477 domui

330 1513 460 1549 Sane-te
481 1512 676 1548 Trinitatis
704 1511 748 1546 de
776 1509 896 1546 Soltre
924 1515 960 1545 et
986 1508 1162 1544 fratribus
1189 1507 1324 1543 ibidem
1344 1507 1427 1543 Deo
1451 1507 1693 1543 seruientibus
1718 1514 1754 1544 et
1772 1509 1905 1557 imper-

331 1588 479 1630 petuum
498 1581 686 1617 seruituris
705 1580 743 1615 in
762 1591 891 1627 puram
912 1583 947 1613 et
965 1583 1181 1625 perpetuam
1201 1576 1425 1611 elimosinam
1450 1589 1517 1624 pro
1537 1577 1726 1612 animabus
1746 1579 1904 1614 anteces-

332 1651 450 1686 sorum
470 1656 506 1686 et
524 1649 763 1685 suceessorum
782 1659 947 1683 meorum
967 1652 1080 1682 totam
1101 1651 1236 1681 terram
1256 1657 1326 1692 que
1345 1644 1440 1680 iacet
1459 1645 1497 1680 in
1517 1645 1704 1681 territorio
1724 1646 1769 1681 de
1788 1645 1904 1694 Jony-

334 1720 437 1754 stoun
467 1719 563 1754 infra
586 1718 651 1753 has
681 1716 814 1753 diuisas
846 1715 981 1751 seilicet
1001 1736 1008 1743 ·
1028 1727 1094 1762 per
1118 1714 1269 1749 fiketum
1299 1713 1398 1760 quod
1425 1713 1613 1749 descendit
1637 1727 1659 1749 a
1683 1720 1789 1761 prato
1809 1714 1903 1750 di&e

334 1788 461 1822 domus
481 1788 526 1822 de
554 1786 674 1822 Soltre
701 1784 824 1820 versus
848 1782 1028 1818 orientem
1054 1782 1156 1817 iuxta
1180 1782 1325 1817 domum
1347 1782 1519 1830 Hugonis
1544 1782 1589 1817 de
1608 1782 1817 1830 Jonystoun
1844 1783 1904 1819 de-

334 1856 540 1891 scendendo
561 1855 669 1901 vsque
694 1854 733 1888 in
752 1851 1028 1900 Lyndenburne
1048 1855 1083 1885 et
1101 1863 1167 1897 per
1186 1850 1462 1898 Lyndenburne
1481 1850 1710 1886 ascendendo
1730 1851 1839 1899 vsque
1858 1853 1904 1887 ad

335 1936 503 1971 magnam
520 1925 615 1959 viam
635 1935 705 1970 que
725 1920 827 1956 ducit
846 1920 943 1967 apud
959 1918 1213 1967 Hadyngtoun
1233 1924 1268 1954 et
1286 1931 1352 1965 per
1370 1931 1541 1966 magnam
1559 1918 1656 1954 viam
1674 1919 1903 1955 ascendendo

335 1993 445 2038 vsque
473 1993 518 2027 ad
548 1991 670 2026 villam
698 1990 743 2025 de
773 1987 894 2024 Soltre
920 1993 956 2022 et
980 1986 1028 2022 fic
1054 1987 1300 2022 discendendo
1327 1998 1394 2033 per
1417 1986 1557 2034 regiam
1577 1987 1669 2021 viam
1697 1999 1766 2034 que
1786 1987 1903 2022 tendit

336 2060 458 2095 versus
478 2058 707 2108 Edynburgh
732 2057 841 2103 Vsque
869 2056 916 2091 ad
941 2061 1077 2090 terram
1105 2067 1213 2102 quam
1239 2053 1377 2102 Symon
1395 2053 1426 2089 F
1428 2054 1526 2090 raser
1544 2054 1646 2089 dedit
1664 2054 1759 2090 diete
1779 2055 1902 2090 domui

336 2129 380 2164 de
403 2128 521 2164 Soltre
547 2133 582 2163 et
606 2126 739 2162 deinde
767 2124 1021 2160 descendendo
1050 2135 1116 2170 per
1144 2124 1238 2157 viam
1265 2135 1335 2169 que
1360 2121 1461 2157 ducit
1485 2122 1583 2169 apud
1601 2121 1701 2157 Keth
1726 2122 1836 2168 vsque
1856 2123 1902 2158 ad

337 2196 537 2243 prediemm
564 2195 731 2243 syketum
750 2215 757 2223 ·
778 2205 861 2228 eum
888 2192 1028 2227 duobus
1055 2191 1154 2227 tostis
1182 2196 1217 2227 et
1245 2190 1369 2226 eroftis
1395 2189 1716 2238 propinquioribus
1741 2196 1838 2225 terre
1858 2190 1902 2226 de

340 2263 458 2299 Soltre
486 2277 529 2299 ex
556 2262 726 2298 orientali
755 2267 859 2308 parte
891 2260 936 2295 de
965 2259 1153 2295 Mekillaw
1183 2265 1219 2295 et
1246 2258 1464 2295 occidentali
1490 2264 1594 2306 parte
1621 2259 1679 2294 vie
1706 2271 1776 2306 que
1801 2259 1902 2295 ducit

339 2333 435 2380 apud
454 2332 553 2367 Keth
573 2352 579 2359 ·
599 2331 813 2366 Tenendam
839 2334 875 2364 et
898 2328 1105 2363 habendam
1129 2328 1223 2362 diae
1249 2326 1372 2362 domui
1399 2327 1444 2362 de
1466 2325 1585 2362 Soltre
1604 2327 1649 2362 de
1668 2339 1726 2362 me
1745 2332 1780 2362 et
1798 2326 1901 2363 here-

339 2401 444 2435 dibus
472 2401 561 2434 meis
588 2399 856 2446 imperpetuum
886 2398 937 2432 ita
965 2397 1079 2432 libere
1109 2395 1230 2443 quiete
1259 2394 1422 2442 plenarie
1450 2400 1485 2430 et
1511 2394 1709 2431 honorifice
1733 2395 1778 2430 ab
1803 2393 1901 2430 omni
