2147 2964
211 653 258 688 46

324 343 339 374 l
348 342 392 374 12
619 335 933 373 REGISTRUM
963 334 1218 371 ECCLESIE
1248 333 1593 371 COLLEGIATE

322 525 394 560 Pro
414 523 458 558 W
462 523 597 559 illelmo
618 522 761 558 Blakie.

856 582 872 605 ι

325 631 522 687 OMNIBUS
543 677 548 682 .
569 676 576 683 .
596 676 601 682 .
622 646 790 682 dominus
811 645 995 692 Georgius
1016 643 1268 691 Clappertoun
1298 642 1500 691 prepositus
1520 644 1669 680 ecclesie
1688 673 1694 679 .
1714 674 1718 678 .
1738 674 1744 679 .
1767 644 1897 681 Sancte

324 715 518 751 Trinitatis
537 744 542 750 .
562 744 567 750 .
587 743 591 748 .
612 713 846 762 prebendarii
878 719 914 749 et
945 711 1127 760 capellani
1159 711 1319 747 eiusdem
1336 740 1342 746 .
1362 739 1367 745 .
1387 741 1393 746 .
1413 712 1563 747 salutem
1583 734 1590 740 -
1612 712 1800 749 Noueritis
1832 726 1897 749 nos

324 814 328 818 .
349 813 354 818 .
374 813 379 818 .
400 783 534 820 dedisse
553 813 558 818 ,
577 813 582 817 .
600 811 604 817 .
627 782 803 818 Villelmo
824 781 954 817 Blakie
981 780 1102 816 incole
1123 780 1208 815 ville
1227 780 1273 815 de
1293 779 1400 816 Leith
1428 780 1625 816 heredibus
1651 781 1720 816 suis
1741 787 1776 817 et
1795 781 1897 829 affig-

322 853 418 889 natis
437 881 442 885 .
462 881 467 886 .
487 882 492 886 .
513 852 585 887 duo
613 856 822 887 tenementa
849 856 1031 885 terrarum
1059 848 1231 896 contigue
1249 876 1254 881 .
1277 878 1281 882 .
1301 876 1305 880 .
1326 848 1492 884 iacencia
1522 862 1603 884 cum
1627 879 1632 883 .
1653 879 1658 884 .
1677 879 1682 884 .
1703 857 1783 885 orto
1815 863 1896 898 por-

324 928 432 968 taque
461 920 645 956 anteriore
672 920 872 955 eorundem
892 947 897 952 .
919 948 924 953 .
943 948 948 952 .
968 917 1006 952 in
1024 917 1119 952 dicta
1138 916 1227 952 villa
1245 945 1250 949 .
1270 945 1274 950 .
1295 946 1300 950 .
1321 929 1363 951 ex
1391 923 1495 964 parte
1520 917 1667 953 australi
1697 931 1789 965 aque
1809 919 1898 954 eius-

325 991 405 1026 dem
433 990 468 1025 in
496 989 651 1025 baronia
669 989 714 1024 de
735 987 915 1035 Restalrig
935 1016 939 1020 .
960 1016 965 1020 .
986 1015 991 1020 .
1012 986 1109 1021 inter
1128 992 1245 1020 terras
1273 985 1458 1032 quondam
1478 985 1629 1021 Patricii
1652 986 1789 1022 Claerk
1809 987 1898 1023 alias

325 1059 452 1094 Millar
482 1058 567 1106 [etc.
597 1064 636 1093 ut
662 1058 768 1105 supra
798 1056 868 1092 No.
899 1055 937 1103 9]
963 1084 968 1089 .
988 1083 992 1088 .
1014 1083 1019 1088 .
1048 1054 1268 1101 quequidem
1288 1082 1293 1087 .
1313 1083 1318 1088 .
1339 1083 1344 1088 .
1368 1053 1551 1102 Georgius
1581 1054 1815 1104 [Cokburne]
1837 1085 1841 1089 .
1864 1085 1868 1089 .
1892 1086 1896 1090 .

326 1126 524 1174 resignauit
542 1154 547 1160 .
567 1154 572 1159 .
592 1153 597 1158 .
618 1125 823 1160 Reddendo
855 1124 942 1159 inde
974 1122 1162 1158 annua-tim
1183 1151 1188 1155 .
1209 1151 1214 1156 .
1231 1151 1237 1155 .
1258 1122 1536 1168 quatuordecim
1569 1122 1723 1158 solidos.
1743 1152 1748 1157 .
1769 1152 1774 1157 .
1795 1125 1900 1171 regni

326 1195 453 1230 Scocie
473 1223 478 1229 .
498 1223 504 1229 .
523 1223 529 1229 .
548 1206 693 1229 necnon
716 1192 917 1229 releuando
936 1204 1002 1226 nos
1022 1197 1058 1226 et
1076 1190 1293 1226 successores
1320 1189 1462 1225 nostros
1481 1191 1528 1225 ad
1546 1203 1676 1226 manus
1695 1193 1836 1227 abbatis
1856 1193 1900 1227 de

326 1263 541 1299 Newbottill
561 1263 606 1297 de
625 1261 742 1297 decim
771 1261 893 1296 solidis
920 1266 956 1295 et
984 1259 1030 1294 ad
1057 1271 1186 1293 manus
1205 1258 1343 1293 domini
1363 1259 1408 1293 de
1429 1258 1740 1295 Wrichtissiouffis
1762 1261 1807 1296 de
1826 1263 1900 1296 sex-

327 1332 444 1367 decim
466 1331 587 1366 solidis
606 1342 750 1366 necnon
770 1328 965 1377 prestando
993 1334 1067 1362 tres
1094 1327 1208 1362 sectas
1228 1327 1329 1362 curie
1349 1327 1395 1362 ad
1414 1328 1556 1363 nostras
1574 1334 1648 1363 tres
1667 1329 1786 1364 curias
1807 1330 1901 1377 capi-

327 1399 416 1435 tales
436 1399 531 1446 apud
552 1428 556 1432 .
576 1426 581 1431 .
601 1427 606 1433 .
628 1397 823 1444 collegium
844 1396 1033 1431 annuatim
1061 1395 1238 1430 tenendas
1258 1423 1263 1428 .
1283 1423 1289 1428 .
1309 1425 1314 1429 .
1335 1395 1449 1442 Apud
1467 1424 1472 1429 .
1492 1424 1497 1429 .
1517 1424 1522 1429 .
1543 1396 1737 1443 collegium
1761 1397 1902 1432 decimo

327 1469 385 1503 die
415 1467 544 1502 mensis
578 1465 735 1514 Augusti
769 1466 862 1504 1547
884 1493 889 1498 .
908 1492 913 1498 .
935 1492 941 1499 .
961 1463 1110 1499 testibus
1139 1463 1325 1499 V'illelmo
1359 1463 1553 1500 Crawfurd
1584 1466 1629 1500 de
1662 1465 1901 1501 Brouchtoun

326 1536 473 1572 Joanne
493 1535 571 1571 Ker
598 1534 829 1570 Archibaldo
848 1532 1041 1568 Pennicuk
1069 1531 1211 1567 Jacobo
1239 1532 1395 1580 Pringill
1423 1533 1572 1568 domino
1598 1532 1743 1569 Thoma
1761 1534 1903 1569 Aitoun

328 1605 479 1641 Matheo
502 1603 655 1651 Spreule
674 1602 822 1639 Joanne
842 1600 1023 1637 Makneill
1050 1600 1223 1637 Jhoanne
1242 1600 1400 1636 Portous
1428 1608 1464 1637 et
1486 1602 1700 1637 Alexandro
1721 1602 1902 1638 Makneill

328 1674 481 1709 notariis
502 1702 507 1707 .
529 1702 534 1707 .
554 1701 559 1706 .
581 1685 662 1707 cum
683 1700 688 1705 .
709 1700 714 1705 .
733 1700 738 1705 .
760 1670 851 1706 aliis.

333 1836 458 1871 &asina
476 1833 682 1869 Alexandri
703 1832 819 1867 Blake
839 1832 884 1867 de
904 1831 1045 1866 duobus
1066 1832 1283 1866 tenementis
1302 1831 1339 1865 in
1359 1830 1488 1879 Leyth.

331 1947 521 1981 ...ANNO
552 1944 825 1980 incarnacionis
856 1942 1052 1977 Dominice
1084 1941 1273 1977 millesimo
1307 1942 1594 1990 quingentesimo
1627 1941 1902 1989 quadragesimo

331 2017 458 2050 octauo
485 2013 615 2048 mensis
644 2025 731 2048 vero
751 2011 910 2047 Marchii
939 2011 998 2045 die
1026 2010 1168 2046 decimo
1196 2016 1327 2057 quarto
1344 2039 1349 2044 .
1369 2039 1374 2044 .
1392 2039 1398 2044 .
1417 2009 1656 2057 personaliter
1681 2008 1824 2045 accessit
1843 2039 1848 2043 .
1868 2038 1873 2042 .
1895 2039 1900 2044 .

332 2083 502 2118 Andreas
524 2081 674 2117 Balfour
692 2080 850 2116 balliuus
869 2108 874 2113 .
894 2108 900 2113 .
919 2108 924 2113 .
946 2079 1083 2114 domini
1104 2078 1258 2125 Georgii
1281 2078 1531 2126 Clappertoun
1553 2077 1725 2124 prepositi
1745 2107 1750 2111 .
1769 2106 1774 2110 .
1795 2106 1800 2111 .
1822 2090 1902 2124 pre-

331 2150 665 2196 bendariorumque
684 2178 689 2183 .
706 2177 711 2183 .
732 2177 737 2183 .
758 2149 804 2183 ad
819 2147 883 2183 illa
896 2148 968 2182 duo
989 2153 1198 2182 tenementa
1217 2153 1313 2182 terre
1327 2146 1498 2193 contigue
1516 2145 1741 2181 adiacentia.
1757 2174 1762 2179 .
1777 2173 1782 2178 .
1800 2145 1835 2179 in
1852 2174 1857 2178 .
1875 2174 1879 2178 .
1896 2174 1901 2178 .

333 2219 420 2254 villa
439 2219 483 2254 ‹le
502 2218 621 2266 Leyth
642 2231 685 2253 ex
712 2223 817 2265 parte
845 2216 994 2252 australi
1023 2228 1115 2263 aque
1143 2216 1301 2251 eiusdem
1329 2216 1367 2250 in
1394 2215 1548 2250 baronia
1575 2215 1620 2249 de
1639 2213 1823 2261 Restalrig
1842 2243 1847 2248 .
1869 2241 1874 2246 .
1895 2243 1900 2246 .

332 2288 428 2323 inter
455 2293 589 2322 terram
619 2286 803 2333 quondam
830 2284 981 2320 Patricii
1003 2284 1115 2320 Clerk
1143 2284 1232 2320 alias
1251 2284 1392 2320 Melare
1413 2297 1456 2319 ex
1474 2290 1578 2331 parte
1607 2282 1823 2318 occidentali
1843 2311 1848 2316 .
1869 2312 1874 2316 .
1895 2313 1900 2318 .

335 2363 369 2391 et
389 2363 522 2390 terram
543 2355 727 2401 quondam
747 2353 900 2390 Roberti
917 2353 1008 2388 Bras
1027 2365 1070 2388 ex
1087 2360 1190 2401 parte
1210 2352 1379 2388 orientali
1398 2381 1404 2387 .
1424 2381 1430 2386 .
1449 2380 1454 2385 .
1475 2363 1701 2387 communem
1724 2351 1901 2386 venellam

336 2436 381 2458 ex
409 2430 513 2469 parte
544 2423 681 2458 boreali
714 2429 749 2458 et
779 2429 915 2457 terram
945 2422 1127 2468 quondam
1157 2420 1284 2456 Dauid
1304 2420 1466 2467 Cramby
1494 2432 1537 2454 ex
1564 2426 1668 2466 parte
1698 2419 1847 2454 australi
1867 2427 1901 2454 et

336 2491 470 2526 ibidem
491 2519 518 2524 ..
538 2519 543 2523 .
563 2497 773 2538 preceptum
810 2489 921 2525 safine
949 2518 954 2523 .
982 2517 987 2522 .
1016 2518 1020 2522 .
1042 2489 1185 2524 notario
1204 2518 1208 2522 .
1231 2518 1235 2523 .
1258 2518 1262 2522 .
1282 2488 1434 2524 tradidit
1465 2487 1752 2534 perlegendum..
1772 2516 1776 2520 .
1797 2516 1802 2520 .
1825 2487 1902 2534 [da-
