2147 2964
121 820 189 854 116

121 1776 186 1814 117

123 1925 189 1957 118

531 322 741 360 SANCTE
769 321 1089 359 TRINITATIS
1115 321 1186 357 DE
1215 321 1549 359 EDINBURGH.
1760 326 1827 358 145

260 421 454 456 heredibus
473 421 558 456 diffi
578 421 734 457 ‚Ioannis
761 421 1033 468 quibuscunque
1062 422 1225 456 octauam
1252 427 1392 467 partem
1413 427 1593 456 terrarum
1613 422 1658 456 dc
1680 421 1824 469 Spittel-

258 489 382 537 mylne
401 496 436 525 et
453 490 651 525 molendini
671 490 828 525 eiusdem
848 490 986 537 prefate
1006 488 1197 524 Elizabeth
1218 488 1384 537 perprius
1403 489 1624 525 hereditarie
1642 491 1825 537 pcrtinen-

259 563 331 592 tem
352 563 387 592 ct
405 570 469 605 per
487 569 566 592 eam
594 557 810 604 refignatam
830 578 836 584 -
858 557 1062 592 Reddendo
1091 556 1278 591 annuatim
1306 560 1353 590 45
1365 569 1391 591 s.
1413 564 1556 593 monete
1576 557 1697 593 Scotie
1717 578 1723 585 ·
1743 572 1824 593 ncc-

258 637 330 660 non
359 625 553 672 prestando
582 630 654 659 tres
682 625 792 660 senas
821 625 920 660 curio
952 625 1045 673 apud
1074 623 1291 671 Vtherogall
1321 626 1508 660 annuatim
1529 647 1535 654 ·
1556 633 1592 662 ct
1619 627 1825 662 adiuuando

258 692 440 727 adducere
462 691 518 739 [ut
536 692 643 738 supra
662 697 729 726 etc.
752 691 825 726 No.
848 691 934 739 113]
956 712 963 718 ·
984 691 1093 739 Apud
1116 692 1323 740 Collegium
1343 696 1382 728 21
1411 694 1549 741 Aprilis
1575 697 1675 731 1581.

258 810 558 863 Hospl‘rULARn
596 833 631 861 et
668 826 839 873 magister
875 825 1060 872 hospitalis
1096 839 1176 862 cum
1217 829 1390 863 consensu
1423 829 1573 876 capituli
1610 829 1825 865 confirmant

257 900 392 929 cartam
422 894 486 929 sub
512 893 580 930 hac
608 894 726 929 forma
743 913 750 921 ·
771 893 901 928 DAU1D
922 894 1119 941 Aydesoun
1147 895 1393 942 portionarius
1421 897 1465 931 de
1487 896 1740 945 Spittelmylnc
1761 910 1826 944 pro

256 962 466 1010 impletione
494 962 609 1009 partis
646 963 853 997 contra&us
888 961 984 996 inter
1019 961 1133 1009 ipsum
1170 970 1206 998 et
1241 963 1424 1000 Dauidem
1458 964 1587 1000 Vernis
1623 966 1667 1001 dc
1699 965 1826 1001 Dronc

256 1033 302 1065 25
320 1030 492 1066 Januarii
514 1033 610 1066 1580
638 1030 764 1066 vendit
790 1029 933 1077 prefato
953 1029 1088 1066 Dauidi
1119 1037 1153 1066 ct
1180 1031 1376 1068 heredibus
1404 1033 1474 1068 suis
1501 1034 1667 1069 masculis
1687 1034 1826 1081 quibus-

255 1110 400 1145 cunque
427 1098 472 1133 de
500 1110 654 1145 corpore
685 1098 745 1132 suo
773 1098 904 1144 quibus
936 1098 1192 1134 deficientibus
1219 1100 1351 1135 seniori
1384 1100 1557 1136 heredum
1588 1101 1825 1137 feminearum

256 1166 388 1214 absque
417 1165 593 1201 diuisione
627 1165 790 1213 quintam
821 1172 962 1213 partem
996 1173 1177 1202 terrarum
1206 1167 1250 1202 de
1282 1167 1536 1216 Spittelmylne
1567 1175 1602 1204 et
1629 1169 1826 1205 molendini

255 1234 412 1270 eiusdem
435 1234 531 1270 infra
549 1233 843 1269 vicecomitatum
864 1235 909 1270 de
929 1234 1017 1282 Fyff
1030 1247 1097 1281 pro
1118 1234 1253 1270 summa
1271 1237 1426 1282 pecunie
1445 1257 1452 1264 ·
1468 1236 1672 1272 Reddendo
1691 1238 1849 1273 annua—⁸

257 1301 319 1336 tim
341 1301 405 1337 523.
426 1305 447 1336 8
461 1301 532 1346 82ss
545 1301 579 1336 d.
601 1306 746 1336 monete
768 1300 889 1337 Sentio
909 1323 916 1329 ·
938 1315 1082 1338 necnon
1104 1303 1297 1350 prestando
1317 1310 1390 1340 tres
1410 1305 1520 1340 feritas
1540 1306 1585 1340 ad
1605 1306 1675 1341 tria
1693 1306 1827 1354 placita

257 1369 427 1417 capitalia
444 1369 631 1416 hospitalis
651 1370 746 1417 apud
767 1369 985 1417 Atharogall
1012 1384 1093 1407 cum
1121 1371 1198 1407 aliis
1220 1373 1376 1408 seruiciis
1396 1394 1403 1402 ·
1424 1374 1537 1422 Apud
1558 1375 1722 1422 Cuprum
1745 1375 1827 1423 [2]5

256 1436 425 1472 Januarii
449 1440 543 1471 1580
572 1450 694 1472 coram
716 1437 870 1473 Andrea
886 1438 1156 1476 Abercrumbie
1175 1441 1220 1475 de
1241 1440 1422 1477 Cameren
1449 1442 1595 1478 Dauide
1615 1443 1825 1479 Thomsoun

256 1505 485 1552 portionario
512 1505 557 1540 de
577 1504 723 1541 Kaittill
743 1505 886 1541 Jacobo
915 1505 1054 1542 Moreis
1073 1508 1219 1545 Joanne
1241 1510 1343 1547 Watt
1361 1511 1507 1548 Joanue
1535 1512 1643 1559 Philp
1670 1513 1825 1560 burgen-

258 1573 350 1609 fibus
373 1573 418 1608 de
439 1573 564 1620 Cupro
583 1573 726 1609 Jacobo
753 1573 924 1609 Laithrik
953 1580 989 1610 et
1015 1575 1157 1612 Jacobo
1184 1577 1401 1614 Andersoun
1428 1579 1581 1614 notariis
1608 1592 1689 1614 cum
1717 1579 1797 1614 aliis
1817 1607 1824 1614 .

258 1641 368 1688 Apud
390 1640 596 1688 Collegium
616 1641 823 1688 ‘Al-Aprilis
846 1644 950 1676 1581.

255 1759 431 1816 Rssolms
451 1789 498 1812 on
518 1776 579 1812 the
599 1776 746 1811 foirsaid
766 1776 939 1812 chartour
959 1784 995 1813 to
1015 1777 1140 1815 Dauid
1161 1783 1357 1830 Aydesoun
1378 1804 1384 1810 -
1406 1786 1448 1817 21
1475 1783 1612 1830 Apryle
1634 1786 1740 1818 1581.

255 1901 515 1956 PRECEPTUM
545 1917 655 1953 saline
682 1930 747 1965 pel·
775 1918 1029 1965 hospitalarios
1057 1924 1091 1954 et
1110 1919 1318 1967 magistrum
1346 1919 1530 1967 hospitalis
1549 1932 1614 1966 pro
1636 1919 1820 1955 Gulielmo

257 1985 393 2021 Foular
411 1985 487 2020 filio
515 1991 551 2020 et
577 1985 714 2020 herede
741 1986 924 2031 quondam
955 1986 1130 2022 Gulielmi
1156 1987 1291 2023 Foular
1318 1987 1504 2034 burgensis
1531 1988 1576 2022 de
1604 1987 1820 2035 Edinburgh

257 2053 318 2100 qui
347 2052 437 2088 obiit
460 2053 583 2088 salitus
610 2053 655 2088 de
683 2058 892 2088 tenemento
920 2053 1062 2090 iacente
1085 2056 1123 2091 in
1152 2056 1238 2091 villa
1264 2056 1308 2091 de
1337 2055 1443 2091 Leith
1469 2068 1513 2090 ex
1540 2061 1644 2102 parte
1671 2055 1819 2091 australi

259 2133 353 2168 aque
373 2120 532 2155 eiusdem
560 2121 597 2155 in
626 2120 797 2155 barronia
823 2121 868 2155 de
895 2121 1077 2170 Restalrig
1096 2130 1131 2159 et
1153 2124 1406 2159 vicecomitatu
1425 2123 1470 2158 de
1488 2123 1704 2171 Edinburgh
1723 2124 1819 2159 inter

259 2196 394 2224 terram
415 2187 500 2222 olim
519 2187 763 2235 pertinentem
783 2188 965 2234 quondam
982 2189 1134 2226 Andree
1155 2191 1422 2239 Cunynghame
1441 2204 1538 2226 nune
1554 2190 1580 2226 J
1582 2191 1690 2226 oanni
1710 2191 1818 2226 Daw-

255 2257 341 2292 soun
371 2268 414 2291 ex
442 2255 590 2291 australi
619 2261 752 2291 terram
782 2257 962 2302 quondam
991 2257 1147 2294 Joannis
1167 2259 1379 2295 Leirmonth
1408 2272 1505 2294 nunc
1526 2259 1711 2295 Gulielmo
1729 2259 1817 2295 For-

254 2324 368 2360 rester
394 2323 637 2371 pertinentem
665 2335 710 2358 ex
737 2324 867 2359 boriali
894 2330 1028 2360 terram
1052 2326 1194 2362 Thome
1224 2327 1438 2363 Achesoune
1466 2340 1509 2362 ex
1536 2328 1753 2363 occidentali
1782 2336 1816 2363 et

258 2398 392 2427 terram
413 2391 544 2427 Jacobi
566 2390 784 2439 Bannatyne
803 2404 845 2427 ex
866 2393 1034 2430 orientali
1055 2416 1061 2422 ·
1081 2394 1192 2442 Apud
1213 2394 1416 2442 Collegium
1437 2398 1483 2430 28
1501 2395 1527 2431 J
1530 2395 1591 2431 ulii
1613 2399 1716 2430 1581.

1004 2542 1025 2562 ,Γ
