2147 2964
741 283 811 319 DE
840 281 1269 320 CORSTORPHINE.
1712 285 1784 321 299

214 381 349 417 andree
369 394 433 429 pro
453 388 617 428 tempore
637 382 847 417 existentem
867 388 902 417 et
926 382 987 417 alii
1014 381 1247 429 prebendarii
1271 380 1424 428 predicti
1444 393 1508 427 per
1528 380 1681 415 eundem
1700 392 1781 426 pre-

212 449 365 496 positum
394 450 528 486 ibidem
558 450 696 486 institui
718 451 919 486 deberent·
941 457 976 485 et
1004 450 1028 484 fi
1056 449 1213 485 rectoria
1241 448 1459 496 parochialis
1486 448 1588 484 cuius
1614 448 1781 496 parochi-

212 530 342 554 norum
370 518 574 553 animarum
604 531 691 554 cura
711 517 808 567 [per]
831 525 1044 566 perpetuum
1072 518 1246 552 vicarium
1274 530 1340 564 pro
1368 522 1528 564 tempore
1548 523 1780 553 exerceretur

212 585 360 621 ecclesie
388 587 433 621 de
457 586 578 622 Ratho
605 587 699 622 dicte
727 587 876 622 dioeetis
905 587 950 622 ad
982 586 1218 622 collacionem
1249 585 1377 633 prefati
1407 585 1562 633 episcopi
1591 585 1779 632 pertinens

211 655 328 690 eidem
358 654 514 701 collegio
543 654 707 690 vniretur
734 667 777 690 ex
810 655 907 689 illius
940 654 1115 689 fructibus
1149 654 1352 689 redditibus
1384 659 1420 688 et
1447 653 1687 700 prouentibus
1718 653 1778 688 alii

210 729 366 773 quatupr
385 722 443 757 vel
471 723 633 769 quinque
659 722 894 770 prebendarii
921 722 957 757 in
986 722 1080 756 dicto
1108 721 1263 768 collegio
1291 720 1427 755 institui
1455 720 1592 768 possent
1610 720 1725 756 mifl'as
1744 728 1779 756 et

210 791 406 826 canonicas
434 790 542 825 horas
571 803 653 825 eum
685 796 773 825 nota
802 790 951 837 lingulis
983 789 1110 824 diebus
1138 788 1228 824 inibi
1259 793 1477 835 peragentes
1505 788 1600 823 vnde
1628 789 1778 835 predicti

209 858 328 893 cultus
348 857 570 893 instauracio
589 870 722 905 magna
748 857 860 893 fuerit
885 858 923 892 in
944 856 1098 904 collegio
1117 862 1318 892 memorato
1336 876 1343 884 ·
1363 868 1428 891 nos
1446 868 1512 903 per
1534 856 1621 892 alias
1640 857 1779 892 nostras

207 925 332 961 literas
351 925 482 961 dilecto
502 926 575 960 filio
599 926 721 962 abbati
749 926 957 962 monasterii
988 925 1119 962 sanae
1141 924 1272 961 Crucis
1291 925 1336 960 de
1354 923 1572 973 Edinburgh
1592 924 1685 961 dicte
1704 926 1779 961 dio-

207 993 295 1029 cefis
313 994 461 1029 nomine
481 1007 554 1030 non
583 994 746 1042 expresso
772 995 938 1030 dedimus
965 995 1002 1029 in
1030 993 1211 1030 mandatis
1231 999 1269 1029 vt
1297 994 1400 1041 super
1419 992 1594 1040 premiffis
1613 994 1779 1029 omnibus

206 1069 242 1098 et
257 1061 406 1110 singulis
426 1063 643 1099 ausstoritate
663 1062 785 1098 nostra
804 1064 838 1099 se
858 1063 1057 1111 diligenter
1075 1062 1292 1098 informaret
1309 1068 1344 1097 et
1359 1061 1383 1096 fi
1398 1074 1464 1109 per
1478 1061 1778 1098 informacionem

205 1130 409 1166 huiusmodi
427 1131 480 1167 ita
499 1130 566 1166 effe
586 1131 770 1167 inueniret
796 1131 1066 1167 institucionem
1094 1132 1226 1166 factam
1244 1143 1389 1166 necnon
1409 1129 1724 1178 confignaeionem
1745 1138 1780 1166 et

206 1198 456 1235 adieccionem
488 1202 647 1247 prefatas
680 1212 722 1235 ac
750 1212 968 1246 quecunque
995 1200 1081 1235 inde
1108 1200 1303 1246 sequencia
1335 1199 1552 1235 auctoritate
1584 1199 1779 1246 apostolica

206 1267 439 1303 confirmaret
471 1274 508 1303 et
540 1268 760 1314 approbaret
797 1280 839 1303 ac
872 1267 1004 1304 dictam
1039 1268 1230 1303 rectoriam
1264 1280 1344 1303 eum
1378 1267 1544 1302 omnibus
1574 1268 1714 1304 iuribus
1745 1276 1781 1305 et

206 1335 444 1383 pertinenciis
473 1335 544 1371 suis
572 1335 648 1383 ipso
681 1336 838 1384 collegio
869 1336 1134 1384 imperpetuum
1172 1335 1299 1370 eadem
1332 1335 1548 1371 auctoritate
1583 1336 1781 1384 apostoliea

208 1405 462 1451 incorporaret
489 1404 609 1440 vniret
638 1410 674 1440 et
703 1407 914 1440 annecteret
945 1404 952 1411 ’
1049 1404 1120 1439 uod
1153 1403 1306 1439 cedente
1326 1403 1383 1438 vel
1412 1403 1613 1439 decedente
1640 1407 1780 1441 rectore

206 1473 299 1509 diff’ce
320 1472 469 1509 ecclefie
488 1473 533 1508 de
553 1473 674 1509 Ratho
693 1474 755 1520 qui
775 1480 862 1509 tunc
881 1486 921 1509 er
1057 1463 1167 1526 'psam
1187 1459 1379 1506 rectoriam
1399 1471 1488 1506 alias
1508 1473 1779 1518 quomodolibet

207 1541 416 1577 dimittente
445 1542 574 1578 liceret
605 1541 788 1589 preposito
820 1548 856 1577 et
890 1526 1143 1589 prebendariis
1180 1539 1325 1586 collegii
1356 1538 1559 1575 huiusmodi
1595 1541 1657 1587 qui
1693 1547 1779 1578 tunc

207 1609 405 1646 existerent
422 1622 487 1658 per
506 1611 540 1645 1'e
561 1609 618 1645 vel
635 1610 725 1645 alios
743 1612 902 1645 reem-es
924 1609 1132 1655 iuriumque
1151 1614 1188 1643 et
1205 1607 1514 1655 pertinenciarum
1534 1609 1778 1655 p1·edi6torum

206 1678 453 1726 posseffionem
474 1678 702 1725 corporalem
725 1678 939 1713 aufitoritate
966 1677 1117 1724 propria
1143 1676 1255 1712 libere
1282 1675 1553 1724 apprehendere
1572 1690 1717 1714 necnon
1736 1680 1779 1714 iis

208 1760 250 1783 ac
270 1747 340 1782 suis
367 1747 457 1782 inibi
485 1747 742 1782 successoribus
769 1747 905 1782 fruetus
933 1746 1097 1782 redditus
1122 1751 1158 1780 et
1176 1754 1377 1792 prouentus
1404 1745 1558 1781 re&orie
1578 1746 1778 1783 huiusmodi

208 1817 245 1851 in
265 1816 345 1851 suos
373 1828 415 1851 ac
442 1815 551 1863 ipsius
580 1815 726 1863 collegii
755 1815 835 1850 vsus
863 1821 1078 1850 convertere
1105 1819 1283 1861 perpetuo
1310 1813 1449 1860 pariter
1471 1820 1507 1850 et
1525 1814 1684 1851 retinere
1704 1837 1711 1845 ·
1732 1816 1779 1853 Et

209 1884 388 1920 voluimus
408 1884 506 1931 quod
533 1883 721 1931 postquam
748 1883 1089 1930 incorporacionem
1114 1882 1281 1917 vnionem
1302 1888 1338 1917 et
1357 1883 1642 1919 annexacionem
1662 1885 1780 1921 huius—

208 1952 307 1988 modi
344 1952 463 1988 sortiri
501 1952 698 1999 contigerit
734 1952 899 1988 effectum
936 1964 1044 1999 quam
1074 1950 1231 1998 primum
1259 1950 1448 1986 commode
1478 1951 1558 1986 fieri
1586 1953 1690 2000 possit
1717 1954 1778 1990 alii

209 2021 371 2068 quinque
410 2020 645 2068 prebendarii
677 2027 713 2056 et
743 2020 825 2056 loca
859 2033 927 2068 pro
958 2020 1002 2055 iis
1031 2020 1067 2054 in
1096 2019 1171 2066 ipso
1201 2018 1356 2066 collegio
1385 2031 1452 2065 pro
1479 2019 1716 2057 decantandis
1743 2030 1779 2058 et

210 2089 444 2137 perlegendis
488 2088 595 2124 dictis
643 2087 751 2123 miffis
796 2087 1072 2123 instituerentur
1113 2092 1222 2134 provt
1265 2086 1303 2121 in
1347 2086 1429 2134 ipfis
1476 2087 1591 2123 literis
1638 2089 1778 2137 plenius

212 2157 422 2194 continetur
447 2177 453 2184 ·
479 2156 714 2192 Postmodum
747 2168 834 2192 vero
865 2156 955 2191 ficut
985 2155 1146 2191 exhibita
1176 2154 1280 2190 nobis
1310 2167 1428 2202 nuper
1459 2167 1525 2202 pro
1557 2163 1660 2203 parte
1691 2158 1777 2195 diei

211 2226 337 2261 militis
355 2225 488 2274 peticio
516 2225 727 2260 continebat
754 2224 907 2260 dilectus
934 2224 1028 2259 filius
1047 2223 1228 2259 Patricius
1251 2223 1361 2258 abbas
1381 2222 1487 2270 ipsius
1504 2225 1714 2261 monasterii
1733 2228 1778 2262 ad

213 2293 412 2330 earundem
439 2293 628 2329 literarum
656 2292 914 2328 execucionem
941 2292 1144 2339 procedens
1171 2291 1257 2338 quia
1282 2290 1448 2338 premissa
1474 2304 1539 2339 per
1566 2293 1777 2342 diligentem

214 2362 514 2398 informacionem
543 2361 588 2396 ab
615 2373 658 2396 eo
677 2361 829 2408 desuper
848 2360 1006 2396 habitam
1034 2359 1170 2408 reperit
1188 2359 1341 2394 veritate
1361 2359 1493 2396 subniti
1510 2360 1777 2399 institucionem

216 2432 345 2466 fastam
364 2442 507 2466 necnon
529 2429 843 2476 confignacionem
864 2436 900 2464 et
918 2429 1152 2464 adiecconem
1179 2427 1396 2475 approbauit
1422 2433 1530 2474 atque
1550 2430 1778 2467 confirmauit
