2147 2964
64 2086 119 2118 18.

714 293 903 330 DOMUS
930 293 1001 329 DE
1031 293 1246 330 SOLTRE.
1718 301 1761 331 15

194 389 500 426 honorificencius
519 397 664 427 tenetur
684 393 742 427 vel
768 392 965 440 possidetur
985 416 991 422 -
1012 393 1064 428 Vt
1084 399 1204 429 autem
1223 393 1291 429 hec
1310 394 1466 430 donacio
1485 407 1566 430 11100
1585 395 1757 443 imperpe-

193 463 294 492 tuum
314 464 394 493 rata
411 465 626 505 permaneat
644 461 791 506 presens
810 461 981 508 scriptum
1002 461 1107 508 sigilli
1128 462 1200 497 mei
1220 462 1450 509 apposicione
1469 463 1640 498 roboraui
1661 484 1668 492 ·
1688 464 1758 498 hiis

193 525 341 560 testibus
369 525 516 560 domino
542 526 712 562 Gilberto
739 528 926 574 capellano
954 528 1064 563 Petro
1091 529 1164 563 filio
1188 529 1359 577 Aylbrith
1387 530 1552 565 Jordano
1579 531 1757 567 seruiente

192 593 336 628 Thoma
355 594 399 628 de
418 593 596 640 Mungale
614 594 787 630 Johanne
815 596 859 630 dc
879 595 1102 631 Lamertoun
1126 596 1298 632 Johanne
1326 597 1461 633 0101100
1482 597 1649 634 Galfrido
1676 611 1756 645 prc-

188 659 300 708 posito
319 661 365 696 de
386 660 580 697 Ouchiltre
599 668 635 697 et
654 663 776 698 multis
796 663 886 698 aliis.

189 804 303 841 Carta
322 804 465 841 Thome
491 806 536 842 (10
556 805 667 854 Haya
694 806 738 841 de
766 811 872 841 traua
900 806 998 842 bladi
1027 807 1071 841 de
1097 807 1239 842 carucis
1262 808 1332 843 suis
1352 814 1387 844 et
1406 808 1590 845 hominum
1612 810 1753 847 suorum

186 885 231 908 ex
250 879 354 921 parte
371 874 519 910 australi
539 887 633 921 aque
652 874 697 909 de
716 874 844 909 Forth.

186 983 391 1036 Vniuerfis
410 999 527 1036 10οὁὶο
546 1000 673 1036 matris
692 1000 842 1036 ecclesie
860 1000 943 1035 filiis
967 1001 1194 1047 presentibus
1214 1008 1250 1037 et
1269 1001 1399 1036 futuris
1417 1002 1564 1049 presens
1583 1004 1752 1051 scriptum

186 1068 312 1103 visuris
338 1068 395 1103 vel
423 1068 602 1104 audituris
628 1068 789 1104 Thomas
817 1069 862 1103 de
891 1067 989 1103 Haia
1014 1068 1163 1104 salutem
1184 1089 1190 1096 ·
1211 1069 1370 1105 Nouerit
1397 1070 1610 1106 vniuersitas
1635 1072 1751 1107 vestra

183 1149 240 1172 me
259 1136 383 1172 diuine
403 1137 566 1173 caritatis
595 1137 732 1173 intuitu
759 1150 825 1185 pro
856 1137 967 1172 salute
998 1137 1117 1173 anime
1146 1150 1226 1173 mee
1252 1144 1287 1173 et
1314 1151 1379 1185 pro
1399 1139 1511 1174 salute
1530 1139 1651 1175 anime
1670 1141 1751 1175 Ade

182 1205 304 1252 sponse
331 1218 411 1241 mee
440 1211 476 1241 ct
504 1205 710 1241 animarum
740 1205 901 1241 omnium
932 1205 1194 1241 antecessorum
1225 1206 1431 1242 nostrorum
1460 1207 1592 1243 dedisse
1620 1215 1656 1244 et
1683 1208 1751 1244 hac

180 1273 337 1320 presenti
356 1279 459 1309 carta
477 1286 557 1308 mea
579 1272 835 1321 [confirmasse]
858 1273 940 1308 Deo
968 1280 1003 1309 et
1030 1274 1153 1308 domui
1183 1273 1314 1310 50οἇὶο
1335 1274 1530 1311 Trinitatis
1558 1276 1603 1311 de
1631 1276 1750 1312 Soltre

181 1347 216 1376 et
235 1341 406 1377 fratribus
433 1341 567 1377 ibidem
588 1341 670 1376 Deo
692 1341 932 1376 seruientibus
962 1347 997 1377 et
1025 1341 1294 1388 imperpetuum
1323 1342 1511 1378 seruituris
1538 1344 1583 1379 de
1603 1344 1748 1392 singulis

181 1409 323 1444 carucis
342 1414 439 1444 terre
458 1422 537 1444 mee
557 1415 592 1444 et
610 1409 797 1444 hominum
821 1422 983 1444 meorum
1011 1410 1055 1444 de
1083 1422 1140 1445 me
1170 1410 1379 1445 tenencium
1407 1424 1450 1445 ex
1476 1412 1625 1447 australi
1644 1421 1747 1460 parte

180 1477 289 1512 maris
307 1490 414 1512 vnam
440 1484 581 1513 trauam
610 1477 707 1513 bladi
735 1477 872 1513 scilicet
898 1478 937 1512 in
963 1483 1161 1525 autumpno
1189 1477 1262 1513 sine
1281 1478 1462 1514 dilacione
1491 1485 1526 1514 et
1543 1482 1746 1517 contradic-

179 1545 283 1580 cione
302 1546 347 1581 de
367 1558 423 1580 me
451 1550 487 1581 et
513 1545 709 1580 heredibus
738 1545 828 1580 meis
857 1545 1129 1593 percipiendam
1149 1567 1155 1573 ·
1177 1544 1229 1580 Vt
1254 1552 1374 1581 autem
1402 1546 1469 1582 ista
1493 1560 1574 1583 mea
1592 1549 1745 1586 donacio

178 1619 258 1649 rata
277 1613 318 1650 sit
338 1620 373 1649 et
392 1613 601 1649 inconcussa
629 1614 789 1661 presenti
817 1614 950 1660 scripto
978 1613 1132 1661 sigillum
1163 1626 1283 1649 meum
1309 1614 1459 1661 apposui
1479 1635 1485 1642 ·
1505 1615 1572 1651 hiis
1596 1617 1743 1653 testibus

179 1682 349 1718 Gilberto
380 1682 493 1717 fratre
526 1681 682 1716 Henrici
713 1682 758 1717 de
795 1681 915 1717 Barde
949 1681 1111 1717 Roberto
1144 1681 1382 1729 Kringiltoun
1416 1683 1587 1731 magistro
1618 1685 1741 1721 Dauid

177 1750 310 1786 clerico
330 1749 517 1785 iusticiarii
536 1748 725 1784 Willelmo
744 1749 789 1784 de
810 1749 1033 1784 Hertissiede
1053 1755 1087 1784 et
1110 1750 1233 1785 multis
1252 1750 1341 1785 aliis.

178 1897 291 1934 Carta
327 1898 620 1934 confirmacionis
656 1897 804 1933 ecclesie
839 1897 885 1932 de
922 1896 1147 1945 Ormystoun
1182 1909 1247 1944 pcr
1275 1897 1498 1934 VVillelmum
1532 1900 1737 1948 episcopum

178 1965 448 2002 Sanctiandree.

176 2069 382 2122 Vniuerfis
417 2086 536 2122 sanae
572 2085 698 2121 matris
734 2084 882 2120 ecclesie
917 2084 1000 2120 filiis
1042 2085 1106 2120 has
1141 2085 1264 2121 literas
1301 2087 1428 2122 visuris
1464 2088 1521 2123 vel
1557 2090 1735 2125 audituris

175 2153 382 2189 Willelmus
409 2153 638 2202 permistione
666 2153 792 2188 diuina
819 2152 967 2188 ecclesie
998 2152 1257 2189 San&iandree
1284 2154 1427 2189 humilis
1454 2156 1617 2192 minister
1644 2164 1735 2193 eter-

174 2234 256 2257 nam
284 2222 322 2257 in
341 2221 504 2257 Domino
532 2222 681 2257 salutem
701 2242 708 2250 ·
729 2221 788 2256 Ad
807 2220 1049 2257 vniuerfitatis
1073 2221 1189 2257 vestre
1216 2222 1387 2257 noticiam
1417 2223 1581 2259 volumus
1608 2238 1734 2272 perue-

174 2290 253 2325 nire
269 2303 335 2325 nos
351 2290 475 2326 diuine
494 2290 640 2338 pietatis
659 2289 793 2325 intuitu
808 2288 940 2325 dedisse
960 2288 1160 2324 concessisse
1180 2294 1215 2324 et.
1232 2289 1301 2325 hac
1320 2291 1476 2337 presenti
1496 2298 1598 2328 carta
1612 2294 1732 2329 nostra

174 2357 395 2393 confirmasse
427 2357 576 2394 ecclesie
607 2356 737 2393 SanEoe
767 2356 961 2392 Trinitatis
991 2358 1035 2393 de
1067 2356 1186 2393 Soltre
1218 2363 1253 2393 et
1281 2358 1453 2394 fratribus
1484 2359 1617 2396 ibidem
1651 2361 1732 2397 Deo

175 2425 413 2461 seruientibus
443 2431 479 2461 et
509 2425 696 2462 seruituris
725 2426 771 2461 ad
798 2424 893 2461 suam
924 2431 959 2461 et
987 2438 1187 2472 pauperum
1215 2426 1514 2462 sustentacionem
1547 2429 1730 2465 ecclesiam
