2147 2964
522 261 732 300 SANCTE
761 262 1081 299 TRINITATIS
1107 262 1179 298 DE
1206 262 1544 301 EDINBURGH.
1771 265 1817 305 77

246 359 395 395 donenfi
414 359 528 396 nostri
545 361 673 397 secreti
693 361 796 410 sigilli
816 360 964 397 custode
983 361 1123 397 dileecis
1143 362 1421 409 consanguineis
1438 362 1570 398 nostris
1589 363 1816 399 Archibaldo

245 428 378 464 comite
397 429 442 465 de
461 428 568 477 Ergil
585 429 734 464 domino
755 429 954 477 Campbele
974 435 1010 465 et
1028 429 1129 465 Lorn
1155 429 1328 477 magistro
1347 430 1498 479 hospicii
1521 430 1633 466 nostri
1654 431 1815 467 Patricio

245 496 378 532 comite
404 497 449 532 de
478 497 657 532 Boithuill
681 497 828 532 domino
858 497 965 533 Halis
992 503 1061 533 etc.
1106 497 1323 533 Alexandro
1351 499 1500 534 domino
1529 499 1650 535 Hume
1678 513 1813 548 magno

243 564 443 600 camerario
470 563 593 599 nostro
611 563 766 599 Andrea
784 564 932 600 domino
953 564 1057 613 Gray
1076 565 1276 601 iusticiario
1303 567 1426 602 nostro
1448 573 1483 603 et
1508 568 1648 603 dilectis
1668 569 1813 604 clericis

242 631 371 667 nostris
398 631 578 679 magistris
605 631 766 667 Ricardo
794 632 977 668 Murehed
1004 633 1144 668 decano
1173 633 1385 682 Glasguenfi
1411 636 1607 671 secretario
1634 637 1756 672 nostro
1776 643 1811 673 et

243 699 398 736 Gawino
428 699 586 735 Dunbar
616 700 757 736 decano
793 699 1016 735 Morauienfi
1051 701 1258 738 nostrorum
1289 703 1493 739 rotulorum
1525 710 1561 740 et
1592 705 1736 752 registri
1769 718 1811 742 ac

241 768 385 804 concilii
405 768 539 804 clerico
557 787 566 795 ·
579 768 676 816 apud
688 767 904 816 Edinburgh
924 769 1067 804 decimo
1087 771 1215 805 οᾶειιιο
1235 771 1292 806 die
1312 771 1442 807 menfis
1461 772 1600 820 Aprilis
1620 786 1717 809 anno
1736 773 1812 809 Do-

239 837 328 873 mini
346 836 535 873 millefimo
554 836 843 886 quingentesimo
863 836 1022 873 secundo
1041 844 1078 874 et
1095 839 1201 886 regni
1221 839 1333 875 nostri
1354 840 1497 876 decimo
1517 847 1660 888 quarto.

241 985 437 1022 Sentencia
455 985 582 1022 vicarii
602 985 647 1021 de
666 985 878 1034 Markynch
900 991 1030 1022 contra
1049 986 1237 1023 dominum
1260 987 1337 1037 [de]
1362 987 1543 1037 Balgony.

240 1092 385 1146 Cmsw
414 1110 560 1146 nornine
590 1110 763 1146 inuocato
795 1122 862 1145 nos
890 1109 1081 1146 Johannes
1115 1110 1275 1160 Yhoung
1308 1113 1506 1149 canonicus
1537 1113 1809 1153 Dunkeldenfis

238 1190 280 1214 ac
316 1178 453 1214 domini
488 1178 650 1214 officialis
687 1176 951 1214 Sanffiandree
985 1178 1197 1227 principalis
1233 1181 1279 1216 ad
1312 1181 1583 1218 vniuerfitatem
1620 1185 1808 1221 causarum

235 1246 495 1282 commissarius
514 1246 720 1294 specialiter
748 1246 963 1282 constitutus
990 1246 1173 1295 iudexque
1201 1250 1306 1284 cause
1333 1256 1369 1285 et
1387 1250 1550 1297 partibus
1570 1252 1809 1301 infrascriptis

234 1327 301 1361 pro
321 1314 494 1350 tribunali
522 1315 688 1350 sedentes
714 1315 753 1349 in
779 1314 936 1361 quadam
964 1315 1070 1350 causa
1095 1328 1162 1363 per
1182 1317 1429 1353 venerabilem
1450 1318 1567 1354 virum
1594 1321 1806 1368 magistrum

236 1381 418 1418 Thomam
437 1382 601 1418 Diksone
624 1381 833 1430 [vicarium]
855 1382 900 1417 de
915 1381 1125 1431 Markynch
1145 1384 1190 1419 ab
1210 1398 1282 1421 vna
1301 1392 1430 1421 contra
1449 1392 1485 1422 et
1499 1387 1671 1425 aduersus
1690 1390 1801 1427 hono-

235 1450 389 1486 rabilem
408 1451 527 1486 virum
546 1450 737 1486 Andream
756 1450 891 1498 Lundy
911 1450 956 1485 de
974 1450 1142 1499 Balgony
1161 1452 1314 1488 militem
1342 1460 1573 1491 executorem
1596 1457 1803 1494 testamenti

236 1523 273 1554 et
291 1519 470 1554 bonorum
496 1518 776 1554 intromifforem
804 1518 986 1564 quondam
1014 1517 1166 1554 Isabelle
1196 1519 1359 1568 Sybbald
1380 1522 1440 1557 sue
1460 1522 1584 1558 matris
1603 1536 1704 1560 reum
1724 1539 1803 1573 par-

235 1586 332 1621 tibus
351 1586 396 1621 ab
415 1586 533 1621 altera
551 1598 672 1621 coram
691 1585 796 1620 nobis
823 1585 1043 1621 iudicialiter
1064 1588 1252 1623 ventulata
1271 1590 1530 1636 cognoscentes
1550 1591 1683 1628 auditis
1702 1595 1803 1640 prius

235 1653 398 1701 parcium
422 1654 668 1702 predi&arum
692 1653 873 1701 peticione
900 1654 1130 1701 responsione
1157 1656 1440 1705 allegacionibus
1459 1661 1676 1708 testiumque
1695 1662 1802 1710 depo-

235 1722 431 1758 ficionibus
450 1722 652 1768 ceterisque
675 1721 815 1756 iuribus
834 1721 921 1757 hinc
949 1722 1033 1757 inde
1060 1724 1251 1772 propositis
1276 1738 1341 1773 per
1359 1739 1425 1761 nos
1445 1727 1526 1762 vifis
1545 1729 1677 1764 auditis
1696 1730 1802 1766 intel—

235 1790 336 1826 lestis
354 1790 494 1826 rimatis
513 1795 549 1826 et
567 1790 613 1826 ad
632 1789 782 1837 plenum
800 1790 958 1826 discuffis
976 1791 1078 1827 iuxta
1098 1804 1141 1827 ea
1162 1804 1232 1839 que
1252 1793 1408 1830 vidimus
1435 1796 1641 1832 audiuimus
1661 1804 1696 1833 et
1716 1811 1800 1834 con—

235 1858 398 1906 cepimus
415 1858 704 1906 iurisperitorum
731 1858 998 1894 communicato
1026 1859 1173 1895 confilio
1200 1866 1235 1896 et
1262 1860 1383 1897 secuto
1410 1863 1540 1909 quibus
1557 1864 1701 1901 fidelem
1721 1867 1798 1902 fieri

236 1926 387 1962 fecimus
418 1926 641 1962 relacionem
676 1927 714 1961 in
743 1927 870 1962 eadem
906 1926 1020 1962 solum
1054 1926 1174 1963 Deum
1206 1940 1270 1975 pre
1300 1929 1415 1965 oculis
1445 1930 1620 1968 habentes
1653 1933 1799 1981 eiusque

235 1994 382 2030 nomine
401 1993 614 2030 sanffiffimo
640 1994 808 2041 primitus
834 1994 1005 2030 inuocato
1031 2007 1097 2042 per
1124 1995 1218 2031 hanc
1245 1996 1405 2032 nostram
1432 1998 1649 2035 sentenciam
1671 2001 1799 2038 diffini-

236 2062 349 2098 tiuam
368 2075 477 2110 quam
496 2062 644 2098 ferimus
671 2062 709 2097 in
731 2062 787 2097 his
806 2062 948 2110 scriptis
966 2064 1249 2110 pronunciamus
1269 2065 1499 2102 decernimus
1518 2073 1552 2103 et
1572 2068 1798 2105 declaramus

235 2130 368 2166 diaum
398 2130 588 2166 Andream
619 2135 850 2166 executorem
877 2130 1098 2166 antedietum
1125 2131 1163 2166 in
1190 2132 1264 2167 xvii
1292 2132 1392 2168 libris
1419 2134 1454 2169 xi
1481 2135 1602 2171 solidis
1629 2142 1665 2172 et
1694 2136 1747 2172 iiii
1761 2138 1796 2172 d.

235 2203 380 2234 monete
407 2197 586 2234 currentis
615 2196 744 2234 Scocie
770 2210 837 2244 pro
865 2197 1013 2233 decimis
1041 2199 1239 2234 carbonum
1267 2200 1312 2235 de
1340 2201 1556 2237 carbocidiis
1575 2202 1743 2251 Balgony
1762 2212 1798 2241 et

238 2264 436 2302 Sebethum
454 2265 717 2314 pertinentibus
736 2277 758 2300 a
775 2264 890 2312 primo
909 2264 966 2300 die
993 2265 1123 2301 menfis
1140 2266 1166 2302 J
1168 2268 1310 2303 anuarii
1335 2268 1372 2304 in
1393 2281 1488 2305 anno
1507 2269 1658 2306 Domini
1683 2272 1797 2308 mille-

236 2332 322 2368 fimo
341 2332 629 2381 quingentesimo
655 2332 812 2367 secundo
831 2332 940 2379 vsque
968 2332 1014 2367 ad
1041 2333 1188 2369 inicium
1214 2335 1391 2382 presentis
1417 2343 1514 2372 mote
1534 2337 1605 2374 litis
1625 2338 1796 2375 videlicet

236 2400 444 2438 vicesimum
463 2407 631 2449 quartum
651 2400 746 2436 diem
763 2399 893 2436 menfis
911 2399 1127 2437 Decembris
1146 2401 1183 2437 in
1201 2414 1296 2438 anno
1315 2402 1467 2439 Domini
1486 2404 1673 2441 millefimo
1692 2407 1793 2453 quin·
