2147 2964
332 305 404 337 280
707 299 774 336 CA
781 299 886 335 RTE
913 297 1169 336 ECCLESIE
1198 297 1539 335 COLLEGIATE

333 400 526 449 collegium
546 421 553 428 ·
573 406 609 436 et
627 399 791 436 {imiliter
810 398 1051 446 capellaniam
1079 397 1117 432 in
1144 397 1262 433 insula
1288 396 1419 433 Sancte
1440 397 1632 432 Triduane
1660 396 1756 432 infra
1775 396 1908 432 dietum

333 468 492 504 nostrum
524 467 717 516 collegium
754 467 943 502 fundatam
980 479 1046 514 per
1078 467 1262 514 quondam
1294 467 1506 515 magistrum
1539 466 1749 502 Johannem
1779 465 1911 502 Fraser

334 537 538 585 episcopum
565 536 773 572 Ross'ensem
800 535 837 570 in
867 547 974 570 vnam
997 535 1152 571 liberam
1178 536 1402 583 prebendam
1430 535 1527 571 infra
1554 534 1686 570 dietum
1715 534 1909 581 collegium

334 619 415 642 cum
445 605 618 642 consensu
646 612 681 641 et
709 604 845 640 assensu
873 603 1036 652 magistri
1057 603 1201 639 Thome
1224 603 1393 639 Diksoun
1420 616 1518 639 nunc
1546 603 1697 639 rectoris
1725 602 1909 638 eiusdem·

334 675 478 723 prouiso
509 674 608 722 quod
635 672 864 721 presentacio
893 672 1140 720 prediaarum
1171 673 1440 721 prebendarum
1469 672 1531 707 fiat
1560 671 1607 707 ad
1636 670 1907 718 disposicionem

335 744 448 780 nostri
466 750 502 780 et
521 742 757 778 luccefforum
786 740 993 776 nostrorum
1020 746 1057 776 et
1083 741 1237 776 collacio
1266 741 1454 776 ordinaria
1481 739 1679 775 earundem
1700 739 1745 774 ad
1765 738 1909 786 dispost-

336 814 479 849 cionem
498 810 630 847 decani
647 810 732 846 dieti
753 809 899 857 collegii
926 821 992 857 pro
1012 815 1176 856 tempore
1204 808 1391 844 existentis
1410 815 1446 844 et
1465 808 1563 855 quod
1583 807 1736 855 prediffi
1756 807 1909 854 preben-

336 881 430 917 darii
448 879 658 928 possedeant
678 885 713 914 ct
732 878 918 925 gaudeant
936 877 1123 925 perpetuis
1141 876 1273 912 futuris
1293 876 1518 923 temporibus
1533 875 1699 910 omnibus
1715 880 1750 910 et
1764 874 1910 921 singulis

335 949 540 998 priuilegiis
560 955 596 984 et
620 946 852 983 libertatibus
879 946 916 981 in
942 946 1134 982 ereccione
1153 945 1238 980 dieti
1268 944 1413 992 collegii
1441 944 1623 980 contentis
1651 949 1686 978 et
1712 943 1908 978 seeundum

335 1019 491 1054 formam
519 1023 555 1052 et
582 1014 853 1052 continenciam
882 1014 1040 1050 eiusdem
1063 1035 1070 1043 ·
1091 1014 1135 1049 In
1164 1013 1265 1049 cuius
1286 1013 1341 1049 rei
1369 1012 1613 1049 testimonium
1633 1011 1791 1059 presenti
1811 1019 1910 1046 carte

337 1088 458 1122 nostre
485 1098 658 1134 magnum
685 1083 838 1131 sigillum
872 1082 1035 1118 nostrum
1069 1082 1204 1130 apponi
1236 1082 1466 1130 precepimus
1495 1081 1646 1117 testibus
1677 1080 1779 1128 [etc.]
1813 1081 1910 1127 apud

339 1155 558 1203 Edinburgh
578 1153 718 1190 decimo
738 1154 866 1187 oaauo
886 1151 946 1186 die
965 1150 1094 1186 mensis
1115 1149 1286 1186 anbris
1312 1161 1408 1184 anno
1427 1148 1579 1184 Domini
1600 1148 1789 1184 millesimo
1808 1149 1910 1195 quin-

341 1224 540 1272 gentefimo
561 1221 780 1258 duodecimo
799 1227 835 1256 et
850 1219 960 1267 regni
979 1219 1092 1254 nostri
1114 1218 1283 1253 vicefimo
1303 1216 1442 1264 quinto.

339 1430 454 1466 Carta
472 1426 616 1475 collegii
636 1427 681 1462 de
702 1425 897 1472 Restalrig.

335 1550 520 1603 JACOBUS
541 1563 615 1601 Dei
639 1563 767 1611 gracia
784 1575 850 1598 rex
871 1560 1066 1598 Scotorum
1094 1560 1260 1595 omnibus
1286 1558 1410 1608 probis
1437 1558 1646 1593 hominibus
1674 1557 1791 1593 tocius
1816 1565 1912 1592 terre

336 1636 396 1686 sue
416 1633 559 1670 clericis
578 1639 614 1668 et
632 1631 736 1667 laicis
760 1643 803 1666 ac
829 1630 1006 1678 precipue
1034 1628 1304 1665 venerabilibus
1332 1628 1369 1662 in
1391 1626 1511 1663 Cristo
1529 1626 1694 1673 patribus
1712 1625 1913 1672 nostrisque

337 1702 551 1739 consiliariis
577 1700 786 1749 predilefitis
808 1699 981 1746 Georgeo
1009 1704 1045 1734 et
1062 1697 1226 1733 Johanni
1249 1695 1380 1732 Sancte
1402 1695 1533 1732 Crucis
1559 1707 1674 1743 prope
1693 1694 1912 1741 Edinburgh

338 1779 374 1808 et
393 1772 438 1807 de
460 1768 673 1806 Newbottill
701 1768 892 1804 abbatibus
920 1765 1168 1802 commifl'ariis
1195 1764 1447 1811 iudicibusque
1471 1763 1640 1810 deligatis
1659 1776 1680 1798 a
1699 1761 1912 1798 sauffiffimo

339 1840 487 1875 domino
506 1838 630 1874 nostro
649 1836 874 1872 Innoceneio
894 1848 989 1883 papa
1015 1847 1080 1883 per
1099 1835 1178 1869 suas
1205 1833 1323 1869 bullas
1350 1839 1515 1880 patentes
1534 1832 1596 1867 sub
1615 1831 1763 1878 plumbo
1783 1831 1912 1866 consti-

340 1916 435 1944 tutas
454 1908 603 1944 salutem
623 1927 630 1934 ·
650 1904 802 1942 Vestras
820 1905 921 1940 haud
944 1904 1057 1939 lateat
1083 1902 1324 1950 paternitates
1352 1900 1465 1935 nostri
1485 1900 1669 1946 quondam
1691 1899 1912 1934 illustrissimi

340 1984 375 2013 et
402 1975 613 2012 inclitiffimi
641 1975 699 2010 aui
718 1973 852 2010 Jacobi
883 1972 1075 2008 Scotorum
1107 1970 1205 2018 regis
1235 1969 1338 2005 tercii
1373 1968 1644 2016 supplicacione
1677 1974 1713 2002 et
1742 1967 1912 2014 precibus

341 2045 531 2081 rectoriam
551 2042 699 2080 ecclesie
718 2041 939 2090 parochialis
959 2041 1004 2076 de
1023 2038 1182 2075 Leswaid
1204 2037 1465 2073 Sanctiandree
1488 2037 1640 2071 diocesis
1666 2036 1704 2071 in
1725 2035 1911 2071 ecclesiam

343 2113 573 2159 collegiatam
599 2111 730 2146 sanae
750 2109 948 2145 Trinitatis
975 2108 1203 2156 glorioseque
1232 2105 1385 2153 virginis
1413 2104 1533 2140 Marie
1561 2105 1605 2140 de
1624 2104 1806 2150 Lestalrig
1830 2116 1912 2139 auc-

342 2182 489 2217 toritate
517 2179 716 2228 apostolica
747 2179 784 2213 in
811 2177 929 2213 forma
958 2175 1114 2211 vberiori
1143 2176 1300 2210 erectam
1329 2180 1365 2208 et
1391 2173 1580 2209 fundatam
1610 2185 1691 2208 cum
1719 2172 1910 2207 creacione

344 2250 540 2284 decanatus
586 2254 757 2294 tanquam
801 2245 1017 2293 principalis
1061 2243 1151 2279 inibi
1187 2242 1378 2290 dignitatis
1415 2254 1496 2277 cum
1529 2241 1723 2277 dotacione
1755 2240 1910 2275 eiusdem

345 2329 534 2352 numerum
567 2328 653 2350 vero
684 2313 1012 2362 prebendariorum
1046 2312 1351 2357 dotacionemquc
1383 2309 1582 2345 eorundem
1621 2321 1663 2344 ac
1697 2307 1928 2360 ampliorem*

346 2384 489 2430 collegii
507 2383 762 2418 fundacionem
785 2381 962 2417 voluntati
980 2380 1065 2416 dieti
1092 2379 1206 2415 nostri
1231 2379 1290 2414 aui
1318 2385 1354 2414 ct
1373 2376 1608 2413 successorum
1629 2375 1909 2421 relinquendum

348 2459 385 2486 ut
405 2464 446 2485 ex
468 2451 574 2486 bullis
602 2451 688 2485 dieti
716 2449 919 2485 sauctiffimi
947 2449 1084 2484 domiui
1118 2448 1230 2483 nostri
1260 2459 1352 2494 papo
1380 2444 1551 2480 antedicti
1581 2442 1717 2489 liquido
1745 2442 1910 2476 constat·
