2147 2964
514 319 723 357 SANCTE
752 320 1070 359 TRINITATIS
1097 322 1167 359 DE
1196 323 1531 364 EDINBURGH.
1743 334 1811 371 175)

102 484 170 519 160
237 468 470 522 Compowm
500 486 728 522 dominorum
758 486 901 522 Thome
924 487 1096 525 Watsone
1124 497 1160 526 et
1179 490 1355 527 Willelmi
1385 493 1546 541 Tempill
1574 495 1807 533 collectorum

232 553 416 588 firmarum
446 554 590 601 collegii
613 553 743 590 SanEte
765 555 960 590 Trinitatis
987 569 1101 605 prope
1124 558 1339 607 Eilinburgh
1368 562 1550 597 redditum
1576 576 1642 610 per
1662 565 1803 601 eosdem

233 622 329 668 apud
348 622 483 657 dietum
512 622 705 670 collegium
726 623 894 658 vicesimo
919 624 1076 659 secundo
1096 625 1155 661 die
1182 628 1312 663 mensis
1332 629 1501 665 Januarii
1530 644 1626 666 anno
1656 632 1806 669 Domini

234 688 420 724 millesimo
438 689 727 736 quingentesimo
746 691 888 725 decimo
907 691 1057 739 septimo
1077 694 1122 729 de
1142 696 1310 731 omnibus
1325 698 1482 745 receptis
1502 699 1572 734 suis
1590 706 1625 735 ct
1645 701 1808 748 expensis

233 770 255 791 a
281 756 340 791 die
366 757 558 792 vndeeimo
586 757 671 793 dieti
699 757 830 793 mensis
857 759 944 794 anni
973 759 1126 796 Domini
1155 768 1224 798 ete.
1253 764 1531 812 quingentesimi
1561 768 1692 803 decimi
1720 769 1805 805 sexti

234 825 342 872 vsque
361 825 399 860 in
419 825 514 860 diem
534 825 639 860 huius
659 827 820 873 compoti
840 833 875 862 et
895 828 942 863 fic
962 828 1006 863 de
1028 841 1098 864 vno
1116 842 1212 865 anno
1234 831 1378 879 integro
1399 833 1495 869 infra
1513 834 1581 870 1100
1600 844 1806 884 compotum

233 894 462 930 auditoribus
481 894 629 929 domino
647 894 830 942 preposito
850 902 886 930 et
905 896 1170 943 prebendariis.

232 961 348 998 Iidem
369 968 525 998 onerant
544 964 578 997 sc
597 963 634 998 in
654 963 782 1010 primis
802 964 846 999 de
866 964 927 999 xix
941 964 975 999 li.
996 965 1057 1000 xvi
1072 978 1099 1000 s.
1117 966 1162 1001 de
1182 967 1277 1002 resta
1296 967 1413 1003 vltimi
1433 971 1592 1017 compoti
1609 974 1806 1009 eorundem

235 1038 272 1066 ut
300 1037 402 1079 patet
430 1032 466 1067 in
494 1032 586 1080 pede
614 1032 771 1067 ciusdem
794 1054 800 1061 ·
820 1032 866 1068 Et
886 1033 931 1069 de
959 1033 1062 1069 xlviii
1076 1034 1113 1069 li.
1134 1035 1178 1070 de
1198 1035 1310 1071 firmis
1337 1038 1492 1073 reem-ie
1513 1039 1557 1074 de
1578 1040 1743 1076 Kirkurd
1764 1043 1808 1077 (1(ι

233 1100 395 1136 terminis
416 1100 676 1136 penthecostes
704 1107 739 1136 et
761 1100 882 1137 Sanffi
907 1102 1059 1138 Martini
1087 1104 1183 1139 infra
1209 1105 1279 1140 hoc
1308 1112 1516 1153 compotum
1538 1130 1544 1136 ·
1567 1108 1613 1144 Et
1633 1110 1677 1145 de
1698 1110 1755 1145 viii
1770 1111 1807 1147 li.

231 1169 388 1216 receptis
417 1182 438 1204 a
464 1169 613 1204 domino
640 1169 823 1217 preposito
851 1170 896 1205 de
924 1171 1037 1206 firmis
1065 1172 1110 1207 de
1139 1171 1312 1209 Ballerno
1345 1181 1380 1210 ct
1409 1174 1604 1226 Lumphoy
1633 1179 1677 1214 de
1705 1179 1807 1215 dic-{is

233 1237 409 1273 terminis.

333 1306 482 1342 Summa
499 1306 606 1341 huius
624 1306 855 1341 oneracionis
872 1307 958 1341 lxxv
972 1307 1009 1341 li.
1030 1308 1090 1342 xvi
1105 1321 1131 1342 s.

234 1374 399 1421 Expcnse
435 1374 635 1409 eorundem
665 1395 672 1402 ·
700 1373 742 1409 In
778 1374 905 1421 primis
937 1375 1142 1411 allocantur
1175 1379 1466 1424 compotantibus
1494 1393 1557 1427 per
1587 1382 1805 1420 solucionem

233 1443 362 1477 fafitam
388 1442 537 1477 domino
566 1442 728 1477 Roberto
758 1442 882 1490 Brady
905 1443 1050 1478 sacriste
1077 1444 1162 1479 diei
1195 1445 1338 1492 collegii
1367 1447 1586 1495 percipienti
1619 1452 1805 1488 annuatim

235 1511 360 1546 decem
386 1510 497 1546 libras
524 1522 590 1557 pro
619 1509 884 1545 sustentacione
912 1511 1090 1546 luminum
1120 1518 1155 1547 et
1180 1512 1334 1548 aliorum
1354 1516 1632 1552 necessariorum
1654 1519 1690 1554 in
1711 1520 1805 1555 dicto

234 1579 389 1627 collegio
418 1579 462 1613 de
490 1584 646 1625 quatuor
673 1578 838 1613 terminis
868 1579 963 1614 infra
992 1579 1061 1615 hoc
1092 1587 1300 1628 compotum
1329 1583 1501 1620 videlicet
1529 1585 1805 1624 Purificacionis

236 1648 347 1683 Beate
369 1646 488 1682 Mai-ie
509 1646 744 1682 Inuencionis
767 1646 899 1682 Sanffe
921 1647 1050 1683 Crucis
1070 1649 1116 1684 ad
1137 1649 1285 1684 uincula
1310 1649 1433 1686 San&i
1453 1651 1554 1688 Petri
1575 1660 1610 1689 et
1631 1654 1805 1691 Omnium

237 1715 450 1751 Sanstorum
479 1715 553 1762 ipso
579 1715 744 1763 presente
773 1722 808 1751 et
835 1716 972 1751 fatente
1006 1716 1223 1752 solucionem
1258 1719 1363 1766 super
1396 1727 1602 1767 compotum
1632 1723 1703 1758 xli.
1758 1725 1805 1760 Et

235 1785 332 1819 (11ἃο
363 1784 511 1819 (101111110
545 1784 705 1819 Roborto
741 1785 777 1819 in
811 1784 1076 1832 quinquaginta
1109 1786 1230 1821 solidis
1262 1787 1306 1821 (10
1341 1788 1496 1823 termino
1529 1789 1805 1827 Purificacionis

236 1854 348 1889 Beate
369 1852 488 1889 Marie
517 1853 724 1889 immediate
753 1853 923 1899 sequente
950 1853 1020 1889 hoc
1048 1861 1253 1902 compotum
1283 1855 1333 1890 Is,
1388 1856 1435 1891 Et
1462 1870 1526 1904 per
1546 1858 1803 1897 liberacionem

236 1923 364 1958 fabiam
384 1922 571 1957 Willelmo
599 1921 766 1969 Dalgleis
795 1921 920 1957 latinio
950 1922 986 1956 in
1019 1922 1125 1957 feodo
1154 1924 1215 1958 suo
1243 1924 1287 1959 (le
1316 1937 1411 1959 anno
1441 1927 1599 1973 compoti
1628 1928 1710 1964 vili.
1759 1929 1804 1966 Et

235 1991 384 2026 domino
405 1990 548 2025 Thome
568 1990 742 2026 Watsone
770 1990 807 2024 in
834 1990 941 2025 feodo
970 1990 1031 2025 suo
1058 2003 1123 2037 per
1151 1992 1286 2026 dietum
1315 1997 1456 2040 tempus
1483 1994 1518 2029 iii
1532 1994 1567 2030 li.
1597 1996 1670 2032 vis.
1695 1997 1755 2033 viii
1768 1999 1802 2034 d.

240 2060 284 2096 Et
302 2059 427 2095 Dauid
448 2059 603 2107 Bunyhe
622 2059 747 2095 latimo
766 2059 983 2106 percipienti
1013 2059 1200 2095 annuatim
1227 2060 1354 2107 viginti
1381 2061 1491 2097 libras
1518 2075 1584 2109 pro
1609 2064 1671 2099 suo
1695 2066 1804 2101 serui-

238 2129 294 2164 cio
321 2134 356 2164 et
384 2128 569 2164 laboribus
601 2128 697 2175 apud
724 2127 855 2162 di&um
890 2127 1084 2175 collegium
1118 2128 1162 2162 (le
1194 2128 1350 2163 termino
1382 2129 1658 2167 Purificacionis
1690 2133 1802 2171 Beate

237 2196 356 2232 Μαι-10
386 2197 550 2245 proxime
586 2197 709 2231 futuro
741 2195 812 2230 vli.
879 2194 927 2230 Et
963 2196 1095 2230 eisdem
1135 2195 1170 2229 111
1207 2198 1285 2231 οὗὶο
1321 2196 1422 2232 libris
1458 2197 1632 2245 impositis
1659 2201 1696 2236 in
1734 2216 1803 2239 vna

236 2266 331 2300 boxa
364 2265 402 2300 in
439 2265 622 2300 communi
659 2263 747 2299 cista
782 2263 827 2298 ad
862 2264 957 2298 vsum
999 2263 1083 2298 diui
1126 2263 1269 2310 collegii
1314 2264 1425 2300 viiili.
1484 2266 1529 2302 Et
1569 2268 1700 2304 eisdem
1737 2283 1802 2318 per

236 2333 457 2369 solucionem
485 2333 615 2368 faffam
643 2332 827 2367 aurifabro
854 2345 919 2380 pro
939 2331 1184 2367 fabricacione
1206 2331 1309 2366 vuius
1337 2333 1482 2380 reliquii
1505 2341 1540 2370 et
1568 2348 1634 2383 pro
1663 2338 1802 2375 duabus

237 2402 352 2438 vnciis
378 2401 521 2449 argenti
550 2406 584 2436 et
611 2413 677 2448 pro
706 2400 966 2436 emendacione
999 2399 1147 2435 alterius
1179 2399 1321 2446 reliquii
1354 2400 1449 2437 infra
1477 2407 1617 2450 tempus
1645 2408 1800 2454 compoti

236 2483 256 2504 v
270 2470 306 2505 li.
368 2469 415 2504 Et
447 2469 578 2505 eisdem
611 2481 677 2515 pro
710 2467 958 2504 thuribularii<
984 2468 1114 2515 emptis
1141 2480 1207 2515 per
1238 2475 1380 2515 tempus
1411 2471 1567 2517 compoti
1602 2485 1651 2508 xx
1664 2486 1691 2508 s.
1757 2474 1801 2510 Et
