2147 2964
217 1291 281 1322 154

340 298 408 334 172
640 292 957 330 REGISTRUM
986 291 1240 329 ECCLESIE
1269 291 1611 329 COLLEGIATE

338 395 375 430 xl
387 408 414 431 s.
469 394 517 429 Et
536 393 669 429 eisdem
689 405 755 440 pro
774 405 845 427 vna
864 392 991 427 celdra
1009 391 1119 427 calcis
1147 391 1193 426 ad
1214 392 1310 426 vsum
1331 391 1415 426 diffi
1444 392 1587 440 collegii
1615 392 1651 427 ix
1665 404 1693 427 S.
1713 391 1766 427 iiii
1780 392 1815 427 d.
1869 390 1916 426 Et

338 476 403 511 pro
431 475 544 497 arena
572 474 638 508 per
668 466 808 509 tempus
839 460 997 508 compoti
1028 460 1103 495 vis.
1133 460 1170 494 ix
1184 460 1218 494 d.
1273 460 1321 495 Et
1349 460 1551 496 deliberate
1579 460 1728 496 domino
1756 460 1918 495 Roberto

341 531 465 579 Brady
485 530 630 565 sacriste
651 529 745 564 dieze,
765 527 913 564 ecclesie
942 528 988 563 ad
1016 527 1321 564 sustentacionem
1348 529 1527 564 luminum
1547 529 1641 564 diste
1661 528 1811 564 ecclesie
1830 527 1868 562 iii
1881 526 1918 561 li.

339 613 406 648 pro
434 599 565 647 quibus
593 598 709 633 diffisus
738 597 907 632 dominus
926 596 1111 632 Robertus
1138 597 1398 644 respondebit·
1420 597 1468 632 Et
1495 610 1563 645 pro
1592 598 1717 632 decem
1747 595 1919 631 oneribus

341 669 504 717 lapidum
525 668 588 704 viii
602 681 630 703 s.
651 667 758 702 viiid.
807 666 854 702 Et
874 678 941 713 pro
960 665 1172 701 lucracione
1197 671 1232 701 et
1258 666 1420 712 cariagio
1440 666 1616 701 difitorum
1646 665 1808 712 lapidum
1829 677 1877 699 xx
1891 677 1918 699 s.

343 738 391 773 Et
410 737 543 773 eisdem
562 749 630 783 pro
650 736 680 770 le
699 734 899 770 rauclzteris
919 734 1093 782 Effllaml
1109 735 1227 769 bardis
1242 735 1379 782 spart-is
1397 740 1433 769 et
1451 746 1518 781 pro
1539 734 1631 769 ceris
1650 733 1765 769 clauis
1784 739 1820 768 et
1840 733 1920 767 aliis

343 805 549 842 necessariis
577 805 623 840 ad
648 803 925 851 repar-adonem
955 802 1041 837 dieti
1070 802 1215 849 collegii
1247 815 1313 849 per
1341 808 1482 850 tempus
1510 803 1667 850 compoti
1689 809 1726 838 vt
1753 808 1854 850 patet.
1882 801 1918 836 in

345 875 502 922 quadam
531 873 661 909 cedula
687 871 962 920 particulariter
990 871 1197 906 examinata
1223 871 1329 918 super
1355 876 1563 918 compotum
1591 871 1687 906 liiis.
1708 871 1771 905 viii
1785 871 1819 905 d.
1874 870 1919 905 Et

345 944 450 979 diff-tis
471 941 724 978 collthoribus
744 953 810 988 pro
831 952 955 975 eorum
975 939 1160 974 laboribus
1181 940 1301 974 eundo
1321 939 1367 975 ad
1383 939 1490 975 Leith
1509 946 1542 975 et
1564 940 1598 974 in
1619 939 1699 974 aliis
1717 939 1806 974 locis
1823 938 1922 974 labo-

345 1012 474 1048 rando.
496 1024 518 1046 x
532 1024 556 1046 s.

448 1079 597 1116 Summa
616 1077 853 1125 expensarum
873 1075 947 1111 xli.
968 1075 1073 1111 xiiis.
1095 1076 1163 1112 vd.
1184 1082 1220 1112 et
1239 1076 1286 1112 sic
1306 1076 1445 1113 restant
1464 1076 1515 1111 xli
1528 1076 1565 1112 li.
1585 1076 1622 1112 ix
1635 1090 1661 1112 s.
1683 1076 1719 1111 xi
1732 1076 1767 1111 d.

349 1272 584 1326 COMPOTUM
601 1282 738 1318 domini
754 1280 905 1316 Roberti
921 1280 1046 1327 Brady
1062 1279 1206 1314 sacriste
1221 1278 1365 1327 collegii
1382 1278 1513 1315 Sancte
1531 1279 1727 1315 Trinitatis
1742 1279 1924 1315 redditum

349 1356 447 1404 apud
466 1351 685 1399 Edinburgh
705 1350 846 1386 decimo
870 1350 968 1384 sexto
989 1348 1047 1383 die
1068 1347 1197 1382 mensis
1216 1347 1307 1382 Julii
1327 1360 1424 1382 anno
1445 1347 1594 1382 Domini
1616 1347 1804 1382 millesimo
1824 1347 1926 1394 quin-

347 1423 547 1474 gentesimo
568 1420 709 1457 decimo
738 1424 869 1466 quarto
890 1418 934 1452 de
963 1416 1129 1452 omnibus
1157 1415 1315 1463 receptis
1339 1416 1410 1450 suis
1438 1422 1473 1451 et
1501 1415 1664 1463 expensis
1692 1429 1713 1451 a
1732 1416 1791 1451 die
1810 1415 1928 1463 primo

348 1492 479 1528 mensis
499 1489 658 1537 Augusti
678 1487 765 1523 anni
786 1485 938 1522 Domini
967 1490 1035 1520 etc.
1064 1484 1344 1532 quingentesimi
1363 1484 1497 1520 decimi
1525 1484 1628 1519 tercii
1645 1485 1756 1531 Vsque
1774 1484 1812 1519 in
1833 1483 1927 1519 diem

348 1561 455 1597 huius
484 1557 641 1607 compoti
668 1562 704 1592 et
725 1555 772 1591 fic
792 1555 837 1590 de
856 1566 929 1590 vno
957 1566 1054 1589 anno
1082 1552 1227 1600 integro
1255 1552 1417 1599 exceptis
1445 1553 1653 1599 quindecim
1680 1552 1807 1588 diebus
1834 1552 1929 1588 infra

349 1631 418 1665 hoc
439 1633 659 1676 compotum.

350 1698 453 1733 Idem
478 1701 607 1731 onerat
634 1695 668 1729 se
693 1693 738 1728 de
762 1691 824 1728 xiii
836 1691 873 1726 li.
897 1690 971 1726 vis.
993 1689 1057 1724 viii
1071 1689 1106 1724 d.
1134 1688 1292 1735 receptis
1321 1701 1341 1723 a
1361 1688 1518 1723 dominis
1539 1689 1684 1724 Thoma
1702 1689 1874 1725 lVatsone
1893 1696 1930 1725 et

350 1765 537 1801 Willelmo
562 1761 722 1809 Tempill
751 1758 1004 1795 colleaoribus
1032 1756 1118 1791 dicti
1147 1757 1293 1804 collegii
1320 1769 1386 1804 per
1414 1763 1556 1804 tempus
1584 1758 1744 1805 compoti
1773 1780 1780 1787 ·
1808 1757 1856 1792 Et
1884 1758 1929 1792 de

351 1834 399 1870 iiii
411 1834 449 1869 li.
472 1833 531 1868 viii
546 1846 573 1867 s.
595 1832 639 1866 de
660 1828 910 1865 oblacionibus
930 1826 1024 1862 dieze
1048 1825 1197 1861 ecclesie
1217 1838 1283 1873 per
1302 1831 1443 1873 tempus
1462 1825 1677 1872 predictum.

455 1901 603 1938 Summa
621 1899 728 1934 huius
749 1896 980 1933 oneracionis
1000 1894 1075 1930 xvii
1088 1894 1126 1929 li.
1147 1894 1225 1929 xiiii
1240 1907 1267 1928 s.
1289 1893 1352 1928 viii
1366 1894 1400 1928 d.

353 1971 521 2018 Expense
541 1968 696 2004 eiusdem
728 1994 736 2002 .
765 1965 809 2000 In
837 1964 963 2012 primis
990 1963 1196 1998 allocantur
1225 1961 1448 2009 compotanti
1477 1974 1543 2008 pro
1572 1962 1735 2008 expensis
1765 1961 1866 1998 faetis
1894 1962 1928 1997 in

353 2040 450 2075 dieta
476 2036 627 2073 ecelefia
654 2035 691 2070 in
719 2047 805 2070 cera
831 2031 1072 2068 luminaribus
1101 2030 1185 2065 vino
1214 2036 1249 2065 et
1275 2042 1370 2076 pane
1399 2029 1479 2064 oleo
1504 2029 1595 2064 albis
1616 2030 1779 2065 candelis
1798 2036 1833 2065 et
1852 2030 1930 2065 aliis

353 2105 559 2142 necessariis
576 2116 641 2151 per
659 2108 802 2149 tempus
822 2099 980 2148 compoti
1007 2098 1119 2134 xiiili.
1140 2097 1213 2133 vis.
1234 2097 1297 2132 viii
1311 2097 1346 2132 d.
1399 2097 1448 2132 Et
1467 2097 1584 2132 eidem
1612 2111 1677 2145 pro
1702 2111 1823 2145 panno
1842 2098 1930 2132 linio

355 2181 390 2211 et
418 2174 495 2209 aliis
522 2171 726 2208 necessariis
754 2170 884 2216 emptis
911 2181 977 2216 per
997 2172 1269 2214 compotantem
1295 2166 1342 2200 ad
1367 2166 1643 2212 reparacionem
1664 2165 1756 2200 dicte
1779 2165 1929 2200 ecclesie

358 2249 394 2278 vt
412 2247 513 2290 patet
531 2241 569 2276 in
590 2245 758 2286 compoto
787 2239 848 2272 suo
876 2235 1150 2284 particulariter
1178 2233 1387 2269 examinato
1414 2233 1520 2281 super
1541 2239 1748 2280 compotum
1768 2233 1813 2268 de
1833 2246 1930 2268 anno

356 2309 516 2357 compoti
535 2315 571 2344 et
590 2307 780 2343 allocande
800 2306 869 2340 hac
889 2304 968 2339 viee
988 2310 1129 2339 tanturn
1149 2302 1183 2337 vi
1196 2302 1234 2337 li.
1255 2301 1315 2337 viii
1328 2301 1363 2337 li.

461 2376 609 2412 Summa
636 2374 875 2421 expensarum
895 2372 957 2407 xix
970 2371 1006 2407 li.
1027 2371 1102 2407 xiiii
1115 2383 1142 2406 s.
1165 2369 1227 2405 viii
1240 2370 1275 2405 d.
1296 2375 1332 2405 et
1355 2368 1401 2405 sic
1420 2368 1692 2415 superexposuit
1717 2374 1929 2415 compotans

508 2443 546 2478 xl
558 2456 585 2477 s.
