2147 2964
350 278 396 315 72
659 272 974 310 REGISTRUM
1000 271 1256 309 ECCLESIE
1285 271 1622 308 COLLEGIATE

349 389 415 423 pro
435 374 605 411 tribunali
632 373 797 409 sedentes
824 373 861 407 in
889 372 1055 407 omnibus
1082 372 1224 407 debatis
1252 377 1288 407 et
1315 370 1571 406 contrauersiis
1598 370 1704 406 motis
1732 376 1767 405 et
1788 371 1924 405 exortis

350 445 458 491 vsque
477 443 522 479 ad
542 442 636 478 diem
664 440 885 490 prolacionis
911 440 1089 488 presentis
1116 439 1230 475 nostri
1257 439 1397 475 decreti
1424 439 1498 475 siue
1525 438 1710 475 sentencie
1734 438 1924 474 occasione

350 512 572 547 decimarum
591 510 799 546 carbonarii
823 509 905 545 salis
931 509 1082 557 piscium
1109 515 1276 557 petarum
1303 509 1493 544 turbarum
1512 507 1649 544 bruarii
1669 514 1705 543 et
1725 507 1926 543 communis

350 581 494 628 pasture
513 593 602 627 quas
617 586 653 615 et
668 592 776 627 quam
793 578 1012 631 venerabilis
1026 578 1082 613 vir
1096 577 1268 625 magister
1283 576 1473 625 Mychaell
1489 576 1749 624 Lewingstoun
1765 575 1925 610 vicarius

350 648 500 685 ecclesie
529 647 746 697 parochialis
765 647 810 682 de
832 646 965 682 Wemis
991 646 1178 693 pretendit
1205 646 1340 681 habere
1364 645 1515 681 racione
1540 645 1631 680 iuris
1649 645 1709 680 sue
1730 644 1868 680 vicarie
1886 644 1925 679 in

350 718 511 753 dominio
543 717 587 752 de
612 716 753 752 Wemis
783 716 881 751 inter
906 715 1109 762 predictum
1138 714 1315 750 vicarium
1343 715 1502 749 a&oren1
1531 714 1576 748 ab
1604 726 1676 748 vna
1702 719 1738 748 et
1765 712 1922 747 nobilem

350 787 534 822 dominum
565 785 772 821 Johannem
806 783 942 819 VVemis
974 784 1019 819 de
1051 784 1179 818 eodem
1216 782 1367 818 militem
1399 795 1501 817 reum
1533 781 1699 829 partibus
1731 781 1776 816 ab
1807 780 1923 816 altera

351 856 610 903 cognoscentes
630 853 762 889 auditis
788 853 889 901 prius
911 852 1075 900 parcium
1102 851 1347 899 predictarum
1368 850 1612 898 peticionibus
1631 849 1924 897 responsionibus

349 924 635 972 allegacionibus
663 923 879 969 testiumque
907 921 1196 969 deposicionibus
1224 919 1424 966 ceterisque
1452 919 1590 954 iuribus
1618 918 1704 953 hinc
1732 918 1817 953 inde
1840 930 1922 965 pro-

348 993 471 1041 positis
490 1005 555 1041 per
574 1005 640 1027 nos
659 990 749 1026 wisis
777 990 911 1026 auditis
938 989 1130 1025 intelleffls
1158 995 1194 1025 et
1221 989 1268 1024 ad
1294 988 1442 1035 plenum
1470 987 1628 1022 discuffis
1655 987 1755 1022 iuxta
1782 999 1825 1021 ea
1852 999 1922 1033 que

350 1062 504 1097 vidimus
532 1060 737 1097 audiuimus
765 1066 801 1095 et
829 1059 1064 1105 concepimus
1092 1057 1361 1093 communicato
1390 1056 1539 1092 consilio
1567 1062 1603 1091 et
1623 1056 1744 1090 secuto
1765 1068 1923 1102 quorun-

349 1132 432 1167 dam
451 1130 628 1166 nobilium
648 1135 684 1165 et
703 1127 966 1163 venerabilium
986 1127 1147 1162 virorum
1170 1126 1340 1161 videlicet
1365 1125 1598 1160 dominorum
1619 1123 1761 1159 Thome
1782 1124 1923 1159 VVemis

349 1201 393 1236 de
413 1200 528 1235 Reres
556 1205 591 1234 et
610 1197 793 1233 ‚Iohannis
813 1195 1083 1244 Kynninmond
1110 1195 1155 1230 de
1185 1194 1361 1242 Craghall
1388 1194 1544 1228 militum
1564 1192 1689 1228 Dauid
1708 1192 1866 1240 Ramsay
1887 1192 1921 1227 in

348 1269 505 1304 decretis
524 1266 710 1303 licenciati
729 1271 765 1301 et
783 1264 966 1300 Johannis
983 1264 1085 1312 Tyre
1103 1263 1255 1298 refimris
1274 1261 1424 1298 ecclesie
1443 1261 1663 1308 parochialis
1683 1261 1728 1295 de
1747 1260 1922 1307 Balingre

348 1350 414 1385 per
433 1337 546 1372 difitas
564 1341 687 1383 partes
707 1335 753 1370 ad
777 1333 975 1369 sedendum
1003 1332 1190 1367 nobiscum
1216 1336 1251 1366 et
1279 1330 1541 1366 consulendum
1570 1328 1811 1364 communiter
1830 1329 1922 1364 elec-

350 1414 467 1441 torum
503 1405 631 1452 quibus
664 1403 807 1439 fidelem
841 1401 920 1437 fieri
954 1401 1106 1436 fecimus
1141 1399 1364 1435 relacionem
1400 1399 1512 1434 solum
1548 1397 1669 1433 Deum
1704 1410 1770 1445 pre
1808 1397 1921 1433 oculis

349 1475 524 1511 habentes
553 1473 700 1519 eiusque
728 1471 876 1506 nomine
904 1469 1117 1506 sanfflffimo
1147 1469 1313 1516 primitus
1343 1468 1515 1503 inuocato
1542 1480 1607 1515 per
1635 1467 1731 1502 hanc
1761 1467 1920 1502 nostram

348 1542 569 1579 sentenciam
588 1542 660 1577 siue
677 1541 865 1576 decretum
891 1539 938 1574 ad
957 1551 1065 1586 quam
1091 1537 1310 1584 sequendam
1330 1536 1426 1572 dicte
1445 1542 1567 1584 partes
1587 1541 1692 1571 erant
1711 1535 1922 1583 simpliciter

348 1612 507 1659 obligate
534 1610 718 1645 mediante
746 1620 872 1644 eorum
899 1608 1106 1642 iuramento
1134 1606 1227 1641 stare
1254 1605 1507 1641 renunciando
1532 1604 1630 1639 omni
1649 1604 1812 1640 remedio
1831 1604 1920 1639 iuris

349 1680 520 1716 videlicet
550 1678 803 1726 appellacione
837 1675 1107 1723 supplicacione
1140 1687 1181 1709 ac
1214 1673 1365 1721 simplici
1396 1672 1544 1720 querele
1577 1685 1657 1707 cum
1690 1671 1919 1707 extinccione

347 1749 420 1784 litis
438 1754 545 1796 prout
563 1747 601 1782 in
630 1752 711 1782 acto
731 1746 885 1793 desuper
904 1744 1071 1780 confecto
1090 1742 1232 1789 plenius
1261 1742 1471 1778 continetur
1489 1740 1775 1788 pronunciamus
1794 1740 1917 1775 decer-

346 1818 466 1852 nimus
494 1822 530 1851 et
557 1816 785 1851 declaramus
813 1813 852 1848 in
880 1813 1028 1848 modum
1057 1811 1120 1858 qui
1151 1810 1313 1857 sequitur
1340 1831 1347 1838 ·
1375 1809 1420 1844 In
1452 1808 1580 1856 primis
1611 1808 1710 1854 quod
1741 1808 1917 1842 carbones

347 1885 542 1921 decimales
569 1883 778 1920 carbonarii
806 1882 944 1918 domini
972 1881 1017 1916 de
1037 1880 1177 1915 Wemis
1203 1884 1387 1926 ponantur
1414 1878 1520 1925 super
1547 1882 1685 1912 mouter
1709 1876 1917 1911 carbonarii

346 1956 383 1989 in
411 1955 492 1990 loco
520 1967 542 1989 a
559 1966 631 2000 quo
659 1953 844 1988 ducuntur
869 1951 916 1986 ad
941 1962 1042 1985 mare
1061 1971 1068 1978 ·
1090 1948 1183 1984 Item
1212 1947 1332 1994 quoad
1359 1946 1539 1982 decimam
1566 1944 1648 1980 salis
1676 1944 1772 1991 quod
1799 1944 1917 1979 didus

347 2023 506 2059 vicarius
525 2022 658 2058 habeat
678 2033 800 2056 veram
821 2019 1001 2055 decimam
1031 2016 1220 2053 cuiussibet
1247 2015 1381 2063 patelle
1408 2014 1446 2049 in
1467 2013 1670 2049 ebdomada
1687 2012 1917 2059 integraliter

347 2091 411 2127 fibi
438 2091 647 2126 soluendam
675 2089 773 2137 apud
798 2087 971 2136 patellam
999 2086 1196 2121 secundum
1222 2084 1320 2131 quod
1347 2082 1483 2119 accidit
1502 2105 1509 2112 ·
1529 2081 1622 2117 Item
1642 2081 1740 2128 quod
1759 2081 1917 2116 vicarius

349 2160 481 2194 habeat
500 2158 659 2194 decimas
680 2157 830 2205 piscium
858 2155 1089 2204 integraliter
1107 2152 1365 2202 persoluendas
1385 2151 1431 2187 ad
1450 2150 1586 2186 cimbas
1605 2149 1801 2184 secundum
1820 2150 1917 2195 quod

350 2228 458 2263 debet
477 2228 520 2263 de
548 2228 626 2262 iure
647 2227 811 2274 recipere
831 2247 838 2254 ·
860 2225 953 2260 Item
972 2224 1093 2271 quoad
1111 2227 1214 2270 petas
1233 2227 1359 2256 turuas
1381 2226 1417 2256 et
1434 2218 1621 2254 bruarium
1641 2218 1738 2264 quod
1758 2217 1916 2253 vicarius

351 2296 481 2331 habeat
500 2296 546 2330 ad
565 2297 711 2330 domum
730 2294 915 2342 propriam
935 2299 970 2328 et
988 2291 1211 2328 mansionem
1229 2288 1433 2325 huiusmodi
1451 2287 1584 2322 focalia
1599 2299 1666 2333 pro
1681 2286 1713 2320 se
1729 2291 1764 2321 et
1778 2285 1917 2321 familia

350 2363 411 2398 sua
430 2384 436 2390 ·
457 2363 504 2398 Et
522 2363 643 2409 quoad
661 2363 751 2398 alios
770 2367 937 2398 tenentes
956 2373 1030 2396 non
1050 2359 1190 2406 aliquid
1216 2357 1365 2393 habebit
1391 2356 1457 2391 nisi
1485 2361 1660 2402 quantum
1678 2353 1717 2388 in
1737 2359 1838 2388 carta
1855 2354 1916 2388 sue

352 2431 580 2465 fundacionis
600 2431 714 2478 sigillo
735 2430 888 2478 sigillata
906 2429 1112 2464 ostenderet
1137 2426 1286 2463 ecclesie
1306 2427 1364 2461 sue
1384 2425 1558 2460 donatum
1578 2429 1613 2459 et
1633 2421 1835 2459 concessum
1855 2427 1917 2459 aut
