2147 2964
230 455 297 487 180

223 1482 287 1515 181

358 284 429 316 ‘202
587 280 899 318 REGISTRUM
925 281 1177 319 ECCLESIE
1206 282 1561 328 COLLEGIATE,
1591 283 1708 321 ETC.

362 433 577 486 ansmo
596 463 694 485 nono
713 450 771 486 die
786 450 916 486 mensis
930 451 1023 488 Julii
1039 465 1136 488 anno
1152 451 1304 488 Domini
1323 451 1512 487 millesimo
1527 452 1815 500 quingentesimo
1830 437 1934 500 quin-

361 519 566 566 quagesimo
585 519 738 566 septimo
753 540 760 546 -
781 518 864 562 Quo
884 519 944 556 die
963 520 1131 556 dominus
1150 520 1276 556 Dauid
1305 519 1392 568 Sym
1414 520 1562 556 sacrista
1580 521 1753 557 0011εᾶοΓ
1771 522 1932 557 omnium

361 587 650 623 communiarum
667 587 815 624 ecclesie
830 589 952 625 nostre
971 589 1233 637 pertinentium
1249 588 1397 624 domino
1413 588 1577 636 Georgio
1592 589 1840 638 Clappertone
1854 602 1934 637 pre-

360 655 474 703 posito
494 661 530 692 et
547 656 801 704 prebendariis
820 657 979 693 eiusdem
1001 657 1149 694 ecclesie
1169 657 1216 693 ad
1238 657 1308 693 hoc
1328 657 1562 705 congregatis
1581 658 1682 693 dedit
1701 658 1879 693 rationem
1899 666 1934 693 et

361 730 570 772 computum
590 725 635 760 de
655 725 821 761 omnibus
842 727 1042 762 earundem
1070 726 1228 773 receptis
1256 731 1292 761 et
1315 725 1630 761 distributionibus
1649 731 1685 761 et
1703 724 1934 773 pensionibus

361 800 396 828 et
430 792 634 829 necessariis
669 794 861 840 persolutis
897 808 939 830 ac
975 795 1084 831 etiam
1116 795 1161 830 de
1198 793 1441 829 satisfactione
1478 793 1608 841 viginti
1645 796 1725 830 0800
1756 794 1933 830 librarum

361 874 469 908 quam
500 861 600 897 dedit
630 861 778 897 domino
809 862 992 910 preposito
1022 862 1188 910 predi&o
1225 862 1264 897 in
1295 868 1437 909 partem
1469 862 1658 898 solutionis
1687 863 1933 910 quadraginta

361 930 536 965 librarum
557 942 664 976 quam
689 930 861 965 summam
889 931 1135 978 quadraginta
1159 931 1335 966 librarum
1362 930 1568 978 recepimus
1595 936 1721 966 mutuo
1743 943 1764 966 a
1783 931 1932 966 domino

360 997 542 1046 preposito
562 998 724 1045 predicto
749 999 794 1034 de
824 1011 896 1045 qua
922 999 1059 1035 summa
1087 999 1183 1035 idem
1213 999 1413 1047 prepositus
1437 999 1548 1035 habet
1574 999 1836 1047 obligationem
1855 1000 1933 1035 sub-

360 1068 530 1115 scriptam
547 1067 680 1102 nostris
705 1068 872 1103 manibus
900 1074 936 1104 et
957 1068 1004 1104 fic
1031 1069 1203 1103 debemus
1231 1067 1349 1103 eidem
1368 1067 1551 1115 preposito
1574 1068 1738 1115 predicto
1758 1068 1931 1103 summam

357 1135 467 1171 solam
497 1135 692 1170 duodecim
720 1135 896 1171 librarum
927 1135 1029 1172 etsie
1057 1149 1139 1172 cum
1167 1135 1332 1183 predifflm
1357 1135 1504 1171 domino
1524 1135 1646 1171 Dauid
1668 1134 1742 1172 Sim
1773 1149 1865 1183 eque
1897 1144 1931 1171 et

357 1204 449 1240 nihil
468 1204 505 1239 in
523 1204 690 1239 manibus
710 1203 799 1239 eius.

359 1273 562 1309 GEORGms
585 1272 869 1309 CLAPPERTONE
891 1272 1093 1320 prepositus
1112 1271 1198 1322 [etc.
1219 1277 1258 1307 ut
1277 1272 1383 1320 supra
1402 1270 1475 1306 No.
1499 1271 1600 1319 179].

360 1462 546 1515 SEP‘mMo
574 1477 633 1513 die
661 1477 792 1512 mensis
819 1475 979 1512 Marchii
1009 1489 1105 1512 anno
1133 1476 1286 1512 Domini
1315 1476 1350 1511 i¹¹³
1384 1480 1417 1511 vc
1445 1476 1744 1525 quinquagesimo
1773 1479 1928 1512 o&au0-

358 1545 441 1588 Quo
461 1546 520 1581 die
539 1545 708 1581 dominus
727 1545 854 1581 Dauid
875 1544 964 1592 Sym
992 1544 1140 1581 sacrista
1166 1550 1377 1592 computum
1397 1550 1433 1581 et
1452 1545 1632 1581 rationem
1652 1545 1814 1580 omnium
1834 1558 1929 1581 com-

356 1615 561 1650 inuniarum
589 1613 739 1649 ecclesie
766 1613 888 1649 nostre
917 1613 1110 1660 collegiate
1137 1613 1236 1649 Diue
1266 1613 1463 1650 Trinitatis
1489 1613 1753 1661 pertinentium
1781 1614 1868 1649 fecit
1887 1626 1928 1649 ac

357 1683 458 1718 dedit
483 1682 710 1731 presentibus
738 1695 780 1718 ac
807 1682 1078 1718 rationantibus
1105 1682 1251 1718 domino
1281 1682 1446 1731 Georgio
1467 1682 1720 1730 Clappertoun
1747 1682 1930 1730 preposito

358 1758 392 1787 et
431 1752 563 1787 ceteris
606 1751 860 1799 prebendariis
904 1751 951 1786 ad
993 1751 1064 1787 hoc
1109 1751 1362 1799 capitulariter
1405 1751 1637 1799 congregatis
1679 1751 1851 1786 extraffis
1893 1758 1927 1786 et

356 1820 548 1867 persolutis
584 1819 748 1855 omnibus
783 1818 1017 1867 pensionibus
1054 1824 1089 1855 et
1125 1819 1445 1855 sustentationibus
1477 1819 1553 1855 vini
1586 1819 1691 1867 panis
1728 1825 1763 1854 et
1798 1820 1928 1855 ceteris

358 1889 562 1924 necessariis
589 1889 626 1923 in
654 1888 749 1924 diem
779 1887 1021 1936 prescriptum
1048 1887 1117 1923 hiis
1144 1888 1312 1923 omnibus
1339 1888 1504 1924 deduffis
1530 1887 1668 1923 restant
1694 1887 1732 1922 in
1760 1887 1927 1923 manibus

357 1956 495 1992 domini
514 1956 671 1992 Dauidis
693 1955 781 2003 Sym
799 1955 946 1992 sacriste
970 1956 1113 2003 integre
1132 1957 1232 1992 xxvii
1246 1957 1292 1992 lb.
1314 1957 1401 1992 viis.
1423 1964 1458 1993 et
1478 1969 1569 1992 vnus
1586 1956 1758 1992 denarius
1777 1955 1927 1992 testibus

358 2025 677 2073 subscriptionibus
695 2025 828 2060 nostris
846 2024 1086 2060 manualibus.

457 2093 659 2130 GEORGIUS
681 2093 965 2130 CLAPPERTONE
994 2093 1195 2141 prepositus
1225 2093 1311 2142 [etc.
1332 2098 1370 2129 ut
1389 2094 1497 2141 supra
1516 2093 1589 2129 No.
1613 2093 1682 2133 179
1700 2091 1925 2140 pretermisso

506 2161 559 2197 M.
579 2161 752 2198 Johanne
773 2161 1070 2209 Manderstoun.]
