2147 2964
504 289 715 327 SANCTE
744 290 1062 327 TRINITATIS
1090 291 1160 326 DE
1188 290 1521 328 EDINBURGII.
1728 296 1796 331 189

226 387 344 435 elapso
365 394 402 423 vt
420 394 521 435 patet
548 402 612 437 per
630 389 864 426 indenturam
884 390 1038 437 desuper
1063 390 1193 425 factam
1221 390 1258 425 xi
1272 389 1308 425 li.
1329 403 1351 424 x
1365 403 1392 426 s.
1448 390 1496 426 Et
1514 391 1626 427 solute
1646 392 1793 428 domino

228 454 371 492 Thome
390 456 557 492 Watsone
577 458 613 492 in
632 458 740 493 feodo
760 459 821 493 suo
840 471 905 505 per
924 459 1021 493 idem
1041 464 1182 505 tempus
1202 464 1237 493 et
1253 456 1331 507 [de]
1355 459 1518 494 terminis
1533 460 1691 507 compoti
1711 460 1746 495 iii
1759 460 1793 495 li.

227 524 262 558 vi
275 536 303 559 s.
324 524 386 559 viii
399 525 433 559 d.
481 525 529 560 Et
557 525 671 561 solute
699 526 848 561 domino
869 526 1011 562 Thome
1033 526 1134 563 Guld
1161 533 1197 561 et
1224 526 1414 562 iuuenibus
1443 527 1729 564 ministrantibus
1756 528 1793 563 in

226 591 337 627 choro
359 598 395 627 vt
414 598 516 639 patet
534 593 570 627 in
590 593 767 641 compotis
785 594 1066 640 precedentibus
1086 594 1131 628 de
1149 594 1253 628 dietis
1273 595 1436 629 terminis
1456 596 1614 642 compoti
1633 596 1701 631 xli.
1747 596 1791 631 Et

227 673 291 707 pro
312 660 474 708 cariagio
502 661 771 708 quinquaginta
797 662 931 708 septem
960 662 990 696 le
1018 661 1145 696 (ιῖνασΙιιι
1171 661 1332 708 lapidum
1361 662 1406 696 ad
1435 674 1522 709 opus
1541 663 1627 697 diffi
1650 663 1793 711 collegii

224 796 271 832 Et
289 808 355 842 pro
375 796 645 844 quinquaginta
663 809 736 831 vna
754 797 785 831 le
803 796 1006 832 rauclzteris
1027 798 1073 832 ad
1093 798 1192 832 vsum
1214 797 1300 832 dieti
1327 797 1470 845 collegii
1497 811 1563 846 per
1586 799 1680 835 idem
1708 806 1794 835 tem-

222 877 290 912 pus
308 865 398 900 xxix
411 877 439 900 s·
457 865 496 900 ix
508 865 543 900 d.
589 864 637 900 Et
653 877 720 912 pro
741 865 935 900 duodecim
953 865 1136 913 lesjmrrz's
1154 865 1295 900 duobus
1314 866 1345 901 le
1359 867 1482 914 gefflis
1500 867 1676 903 xxxviiis.
1692 868 1746 903 iiii
1759 869 1793 904 d.

221 932 269 968 Et
288 932 393 968 soluti
412 931 594 968 Nicholao
610 932 704 968 Blak
725 932 850 968 latimo
869 946 936 980 pro
955 933 1025 969 suis
1048 933 1234 969 laboribus
1250 946 1315 981 per
1332 934 1491 981 spacium
1510 935 1619 971 trium
1639 937 1795 972 ebdomi-

221 1002 349 1037 darum
369 1000 473 1036 xxiiii
486 1014 512 1036 s.
565 1000 614 1037 Et
633 1013 698 1049 pro
718 1001 979 1037 emendacione
1003 1002 1231 1038 tabernaculi
1250 1002 1337 1037 dicti
1357 1003 1502 1051 collegii
1522 1017 1570 1039 xx
1583 1018 1609 1039 s.
1663 1005 1711 1041 Et
1729 1019 1795 1053 pro

221 1069 403 1117 pi&atura
429 1081 614 1105 armorum
639 1069 777 1104 domini
803 1070 1061 1117 gubernatoris
1088 1071 1126 1105 in
1146 1071 1240 1106 dicto
1269 1071 1424 1120 collegio
1445 1072 1574 1107 xviiis.
1629 1073 1676 1109 Et
1693 1074 1796 1110 soluti

223 1138 333 1174 certis
363 1137 600 1173 seruitoribus
630 1137 843 1173 baronicum
877 1144 912 1173 et
941 1138 1022 1173 aliis
1053 1151 1120 1186 per
1147 1145 1289 1186 tempus
1318 1140 1477 1188 compoti
1510 1142 1556 1176 ad
1584 1142 1682 1177 vsum
1713 1143 1796 1178 diffi

223 1206 370 1254 collegii
389 1205 465 1241 xliii
478 1218 502 1242 s.
523 1205 576 1241 iiii
589 1206 624 1241 d.
678 1205 727 1241 Et
746 1205 850 1241 soluti
871 1206 975 1241 vxori
1002 1207 1187 1253 quondam
1207 1207 1361 1243 Roberti
1383 1208 1501 1244 Hardi
1531 1210 1664 1246 virtute
1684 1211 1797 1246 euius-

223 1276 307 1310 dam
335 1275 532 1310 indenture
559 1274 651 1310 facte
673 1287 756 1310 cum
785 1274 879 1309 dicto
903 1275 1088 1321 quondam
1108 1275 1269 1311 Roberto
1298 1289 1345 1311 xx
1359 1289 1386 1311 s.
1433 1277 1480 1312 Et
1500 1278 1604 1314 soluti
1625 1292 1797 1326 procura-

226 1344 365 1380 toribus
382 1343 421 1378 in
441 1342 651 1378 consistorio
670 1355 737 1390 pro
757 1343 974 1378 defencione
994 1342 1083 1377 iuris
1101 1343 1247 1378 sacriste
1266 1356 1332 1390 per
1351 1344 1445 1379 idem
1466 1351 1607 1393 tempus
1626 1348 1756 1383 xxviiii
1769 1361 1795 1383 s.

227 1412 274 1448 Et
295 1411 484 1447 Willelrno
512 1410 679 1458 Dalgleis
710 1411 756 1446 ad
787 1411 1092 1446 sustentaeionem
1121 1410 1279 1446 eiusdem
1310 1411 1405 1447 vltra
1435 1412 1580 1448 feodum
1608 1427 1656 1449 xx
1669 1428 1696 1450 s.
1749 1416 1795 1451 Et

226 1481 368 1517 Jacobo
384 1480 478 1516 Blak
493 1479 596 1515 fimili
616 1475 724 1515 modo
744 1479 817 1514 xiiii
831 1492 867 1514 S.
904 1479 953 1514 Et
971 1491 1038 1526 pro
1059 1478 1159 1514 calce
1176 1484 1211 1514 et
1229 1491 1342 1514 arena
1360 1480 1406 1514 ad
1428 1480 1524 1516 Vsum
1545 1481 1631 1517 dieti
1651 1483 1796 1530 collegii

227 1563 293 1598 per
311 1550 407 1584 idem
427 1555 569 1595 tempus
589 1548 665 1583 xis.
686 1547 768 1582 vid.
823 1547 869 1582 Et
889 1547 1020 1582 eisdem
1049 1547 1086 1581 in
1106 1547 1256 1582 minutis
1275 1560 1340 1594 per
1359 1547 1493 1584 dietum
1514 1555 1653 1597 tempus
1678 1551 1754 1586 lviii
1768 1565 1795 1586 s.

227 1618 275 1653 Et
294 1617 589 1664 compotantibus
607 1628 675 1663 pro
694 1628 819 1651 eorum
839 1615 1024 1651 laboribus
1051 1627 1116 1662 per
1135 1622 1277 1662 tempus
1297 1617 1453 1663 compoti
1476 1617 1511 1652 xl
1524 1630 1550 1652 s.
1604 1618 1651 1654 Et
1670 1619 1795 1654 abbre-

226 1685 359 1722 uiatori
378 1690 633 1731 compotorum
652 1689 688 1719 et
706 1695 772 1730 pro
792 1683 863 1718 suis
882 1682 1066 1718 laboribus
1085 1696 1150 1730 per
1168 1689 1310 1730 tempus
1330 1685 1487 1731 compoti
1508 1686 1545 1720 xl
1557 1699 1584 1721 s.

375 1826 495 1856 tantes
513 1820 568 1856 iiii
581 1820 618 1855 li.
638 1820 715 1855 vis.
735 1819 776 1854 iii
788 1819 822 1854 d.

273 1889 299 1925 J
302 1900 480 1925 oHANNEs
502 1888 635 1924 BRADY
654 1887 856 1934 prepositus
875 1899 984 1922 manu
1014 1887 1176 1923 Taoms
1198 1887 1388 1924 WATsonN
1409 1900 1518 1924 manu
1537 1891 1684 1937 propria

324 1956 474 2003 propria
1013 1956 1256 1991 ALEXANDER
1270 1955 1508 1991 Tmnmemzn
1524 1969 1633 1993 manu
1648 1961 1796 2007 propria

276 2025 483 2060 JOHANNES
503 2024 659 2060 LOGANE
680 2036 789 2059 manu
809 2024 957 2071 propria
1013 2023 1206 2059 MYCHELL
1225 2023 1384 2059 DYSART
1403 2036 1511 2060 manu
1531 2027 1690 2073 propria.

277 2093 444 2128 THOMAS
467 2092 580 2128 Gom
599 2105 709 2127 manu
726 2091 875 2139 propria
940 2116 943 2119 -

96 2301 165 2338 168
231 2282 466 2336 ΟοΜΡοΤυΜ
496 2295 714 2332 venerabilis
746 2301 782 2330 et
809 2295 947 2342 egregii
976 2294 1044 2329 viri
1072 2293 1231 2341 magistri
1258 2294 1440 2330 Johannis
1467 2295 1592 2343 Brady
1623 2297 1794 2344 prepofiti

231 2365 381 2402 ecclesie
414 2363 606 2412 collegiate
635 2375 749 2410 prope
776 2361 994 2409 Edinburgh
1024 2361 1207 2397 redditum
1240 2362 1372 2398 ibidem
1402 2362 1568 2398 vieefimo
1597 2364 1711 2400 tercio
1736 2365 1795 2400 die

232 2433 362 2470 menfis
386 2432 579 2468 Februarii
607 2443 703 2467 anno
732 2430 880 2466 Domini
910 2429 1096 2465 millesimo
1124 2430 1412 2477 quingentefimo
1441 2431 1608 2466 vicesimo
1639 2432 1795 2468 secundo
