2147 2964
494 286 703 324 SANCTE
731 287 1050 325 TRINITATIS
1076 288 1147 324 DE
1173 289 1508 328 EDINBURGH.
1721 299 1788 330 185

220 383 316 417 dieto
335 384 483 419 domino
502 384 687 421 Willelmo
706 385 863 434 lVrycht
881 386 1048 433 presente
1067 394 1103 423 et
1123 387 1258 424 fatente
1279 389 1498 426 solucionem
1519 392 1623 439 super
1643 406 1787 441 compo-

220 457 294 485 tum
315 451 362 486 xii
378 451 412 486 li.
467 452 514 488 Et
533 465 598 500 per
618 453 838 489 solucionem
865 454 996 490 factam
1014 454 1198 491 Willelmo
1218 456 1452 504 Dalgleische
1480 459 1517 494 in
1537 460 1643 496 feodo
1662 462 1723 497 suo
1743 463 1787 498 de

220 531 316 553 anno
344 520 502 567 compoti
523 521 586 555 viii
600 520 636 556 li.
689 520 737 556 Et
756 521 852 556 (Ιίἃο
870 521 1058 558 Willelmo
1086 524 1132 559 ad
1159 525 1445 572 supportandum
1473 541 1554 564 eum
1583 529 1618 564 in
1638 530 1789 566 infirmi-

221 586 355 621 tatibus
371 599 417 622 xx
431 599 458 622 s.
511 587 560 623 Et
578 589 762 634 quondam
783 589 935 625 Andree
957 589 1119 637 Hugoun
1147 592 1270 628 latimo
1298 594 1336 628 in
1362 595 1468 630 feodo
1488 596 1549 631 suo
1569 597 1612 632 (le
1632 599 1788 634 termino

221 653 480 690 Penthecosses
512 654 607 690 infra
637 655 706 690 hoc
739 663 946 703 compotum
979 657 1064 692 vili.
1099 659 1202 694 xiiis.
1234 660 1288 695 iiii
1301 661 1336 696 d.
1392 662 1438 698 Et
1468 664 1615 699 domino
1646 666 1788 702 Thome

221 721 389 757 Watsone
408 722 446 756 in
460 723 568 757 feodo
586 722 648 757 suo
663 723 708 758 de
724 724 828 758 dictis
846 725 1012 759 terminis
1031 727 1190 773 compoti
1210 727 1249 762 iii
1262 728 1298 762 li.
1317 729 1388 764 vis.
1404 730 1465 765 viii
1479 731 1513 765 d.
1568 732 1615 768 Et
1629 733 1789 769 Roberto

222 790 352 837 Hardy
373 789 544 836 magistro
562 790 690 825 latimo
709 791 746 825 in
766 790 873 826 feodo
892 792 954 827 suo
973 805 1039 839 per
1058 798 1200 840 tempus
1219 797 1379 843 compoti
1398 799 1434 832 xl
1447 810 1472 833 s.
1524 798 1573 834 Et
1591 800 1708 836 eidem
1727 814 1791 849 per

219 857 445 905 empcionem
465 863 611 893 centum
633 858 764 906 viginti
783 860 842 894 sex
868 872 1021 895 onerum
1041 861 1152 896 calcis
1180 863 1225 898 ad
1253 864 1429 900 fabricam
1449 866 1534 901 dia-i
1555 867 1699 916 collegii
1726 882 1792 916 per

218 926 313 961 idem
343 932 484 973 tempus
504 926 596 961 varii
623 926 736 974 precii
764 927 844 962 liis.
898 928 947 963 Et
974 928 1080 964 soluti
1107 930 1211 966 seruo
1237 932 1323 967 dieti
1343 931 1495 970 Roberti
1523 948 1589 983 pro
1608 936 1791 973 laboribus

218 995 288 1030 suis
307 1007 372 1042 per
391 994 543 1030 estatem
562 1008 609 1030 xv
622 1007 650 1030 s.
694 995 743 1031 Et
771 996 889 1031 eidem
916 1009 982 1043 per
1002 998 1229 1045 empcionem
1251 1001 1491 1037 ducentorum
1511 1016 1661 1039 onerum
1682 1018 1791 1041 arene

217 1065 263 1099 ad
283 1064 420 1099 dietum
440 1077 530 1112 opus
549 1077 615 1112 per
633 1064 732 1100 idem
760 1070 901 1113 tempus
929 1078 999 1100 xxx
1013 1078 1042 1101 s.
1095 1066 1144 1103 Et
1168 1080 1236 1114 pro
1256 1069 1416 1115 cariagio
1437 1070 1567 1119 viginti
1587 1079 1743 1119 quatuor
1761 1074 1792 1109 le

220 1133 378 1168 nowellis
403 1146 470 1180 per
494 1133 628 1168 ‹li8cum
657 1139 798 1181 tempus
826 1133 927 1169 xxiiii
940 1147 967 1169 s.
1022 1134 1069 1170 Et
1097 1135 1213 1171 eidem
1241 1149 1307 1184 per
1327 1139 1552 1186 empcionem
1580 1147 1617 1176 ct
1639 1141 1788 1178 lucraci-

218 1214 324 1237 onem
342 1201 531 1249 sexaginta
549 1202 703 1237 duorum
723 1201 885 1249 lapidum
907 1202 953 1237 ad
972 1215 1062 1250 opus
1081 1204 1170 1239 dieti
1187 1204 1333 1253 collegii
1351 1207 1436 1242 xxvi
1448 1220 1475 1242 s.
1497 1208 1557 1243 viii
1572 1209 1606 1244 d.
1660 1209 1709 1245 Et
1726 1223 1791 1257 pro

220 1283 291 1305 vna
310 1270 481 1305 duodena
499 1270 544 1305 de
563 1270 595 1304 le
618 1269 822 1305 rauchteris
847 1283 915 1317 pro
942 1270 1033 1306 ostio
1052 1271 1183 1308 boriali
1202 1273 1297 1309 diae
1317 1275 1466 1310 ecclefie
1484 1276 1522 1311 ix
1534 1290 1561 1312 s.
1603 1277 1652 1313 Et
1667 1278 1792 1314 Dauid

220 1338 373 1386 Wrycht
404 1350 471 1385 pro
503 1338 690 1373 laboribus
721 1338 792 1373 suis
823 1351 884 1373 xs.
939 1338 987 1374 Et
1016 1339 1123 1375 soluti
1153 1341 1294 1376 duobus
1327 1342 1563 1380 seruitoribus
1592 1346 1726 1382 latimis
1756 1348 1790 1382 in

219 1406 331 1441 estate
350 1406 397 1441 ad
415 1406 551 1441 dmum
570 1418 661 1453 opus
680 1406 831 1442 ecclesie
849 1419 916 1453 pro
936 1419 1062 1442 eorum
1086 1408 1273 1444 laboribus
1292 1410 1338 1445 ad
1356 1411 1516 1458 spacium
1536 1412 1790 1460 septemdecim

220 1475 361 1510 dierum
377 1473 531 1521 quilibet
546 1486 670 1509 eorum
686 1474 892 1522 percipiens
912 1475 948 1510 in
965 1475 1025 1510 die
1040 1475 1165 1511 decem
1182 1477 1353 1513 denarios
1372 1491 1454 1514 cum
1472 1480 1503 1515 le
1521 1482 1793 1529 nunefclzanlcis

222 1555 292 1578 xxv
305 1555 332 1577 s.
352 1542 405 1577 iiii
418 1543 453 1577 d.
508 1542 557 1577 Et
575 1542 681 1578 soluti
708 1542 946 1578 seruitoribus
974 1544 1012 1578 in
1039 1543 1213 1590 lapicidio
1240 1545 1419 1582 lucrando
1447 1547 1585 1595 lapides
1606 1562 1651 1585 xx
1664 1563 1690 1585 s.
1744 1551 1792 1586 Et

220 1624 286 1659 per
304 1610 535 1658 empcionem
556 1611 711 1646 duorum
731 1611 763 1646 le
781 1612 909 1647 bandis
936 1611 1094 1647 clauium
1123 1619 1159 1648 et
1186 1625 1351 1648 cerarum
1372 1615 1418 1650 ad
1438 1615 1571 1653 dietum
1596 1618 1790 1666 collegium

220 1692 286 1727 per
304 1679 400 1715 idem
419 1685 561 1726 tempus
577 1679 665 1714 xviii
677 1691 704 1714 s.
750 1679 798 1716 Et
817 1680 922 1716 soluti
941 1693 1008 1728 per
1026 1681 1325 1717 emendacionem
1344 1682 1518 1719 librorum
1540 1685 1626 1720 dieti
1646 1687 1790 1735 collegii

220 1761 286 1796 per
312 1753 455 1795 tempus
482 1747 652 1794 compoti*
668 1747 781 1783 xxxiii
793 1760 819 1783 s.
871 1748 920 1783 Et
944 1761 1012 1796 pro
1039 1749 1218 1796 scriptura
1238 1750 1343 1785 vnius
1372 1751 1573 1788 calendarii
1600 1753 1638 1788 in
1664 1767 1790 1803 perga-

221 1816 321 1851 mino
338 1816 385 1852 ad
403 1815 536 1851 dictum
558 1815 752 1864 collegium
773 1816 847 1852 vis.
867 1816 929 1851 viii
942 1817 976 1852 d.
1028 1816 1077 1852 Et
1095 1818 1212 1853 eidem
1235 1818 1271 1853 in
1292 1818 1373 1854 aliis
1400 1820 1549 1856 minutis
1567 1834 1633 1868 per
1651 1828 1791 1871 tempus

222 1884 381 1932 compoti
408 1884 681 1931 particulariter
708 1884 923 1920 examinatis
951 1885 1056 1921 xiiis.
1104 1886 1151 1922 Et
1178 1887 1425 1923 abbreuiatori
1454 1896 1703 1937 compotorum
1725 1904 1790 1939 pro

223 1953 292 1989 suis
319 1952 504 1988 laboribus
529 1959 565 1988 et
592 1952 729 1988 auxilio
756 1953 976 2000 percipienti
1003 1953 1041 1988 in
1069 1967 1166 1989 anno
1194 1955 1439 2003 quadraginta
1465 1956 1596 1993 solidos
1623 1959 1668 1994 de
1695 1972 1791 1994 anno

224 2021 383 2069 compoti
402 2021 439 2056 xl
450 2033 476 2055 s.
529 2020 577 2056 Et
595 2020 712 2056 eidem
738 2033 805 2068 per
832 2021 1090 2058 liberacionem
1118 2023 1250 2058 faaam
1275 2023 1423 2059 domino
1442 2024 1468 2060 J
1470 2026 1583 2061 acobo
1602 2025 1735 2075 Waldy
1755 2028 1790 2063 in

226 2089 489 2137 suplementum
507 2088 755 2124 edificacionis
773 2101 917 2125 camere
934 2090 995 2125 sue
1014 2090 1053 2125 iii
1063 2090 1099 2125 li.
1146 2090 1195 2126 Et
1213 2091 1361 2126 domino
1379 2091 1561 2128 Willelmo
1580 2093 1735 2142 Wrycht
1754 2096 1790 2131 in

226 2162 463 2205 augmentum
482 2156 590 2193 officii
609 2156 658 2192 sui
678 2169 744 2204 per
763 2163 903 2205 tempus
922 2159 1081 2205 compoti
1100 2159 1199 2194 xxxii
1212 2172 1239 2194 s.

329 2224 478 2261 Summa
497 2225 735 2272 expensarum
754 2225 815 2260 lvii
827 2225 865 2260 li.
885 2226 972 2261 xviii
987 2239 1014 2261 s.
1034 2227 1088 2262 iiii
1101 2227 1137 2263 d.
1153 2233 1189 2263 et
1204 2226 1251 2263 fic
1266 2227 1403 2264 restant
1422 2229 1528 2277 super
1543 2238 1791 2279 compotantes

378 2293 441 2329 viii
454 2293 489 2327 li.
509 2305 555 2327 xx
567 2292 602 2327 d.

632 2358 836 2396 MAois'rEn
853 2361 1060 2398 JOHANNES
1079 2362 1213 2399 BRADY
1232 2364 1433 2412 prepositus
1452 2379 1560 2402 manu
1579 2369 1739 2415 propria.

965 2501 1027 2533 ΞΑ
