2147 2964
523 309 735 347 SANCTE
764 308 1080 348 TRINITATIS
1106 309 1177 347 DE
1204 309 1541 348 EDINBURGH.
1748 312 1795 352 79

224 420 306 444 reos
336 408 500 456 partibus
531 409 577 444 ab
608 409 725 445 altera
754 409 1012 457 cognoscentes
1046 409 1180 446 auditis
1212 409 1313 457 prius
1348 409 1510 457 parcium
1544 410 1790 457 prediaarum

224 477 464 524 peticionibus
482 477 773 525 responsionibus
800 483 836 513 et
862 477 1069 513 racionibus
1095 477 1183 513 hinc
1204 477 1291 513 inde
1310 477 1480 513 exhibitis
1499 478 1666 525 dietaque
1686 479 1790 515 cause

222 546 363 581 meritis
381 558 447 593 per
465 558 531 581 nos
550 545 632 580 vifis
657 544 814 581 discuffis
841 545 981 580 rimatis
1009 550 1045 580 et
1072 546 1119 580 ad
1144 545 1293 592 plenum
1321 546 1514 581 intellthis
1537 546 1649 581 solum
1669 546 1789 583 Deum

223 626 288 660 pre
307 613 421 649 oculis
439 613 614 648 habentes
642 612 788 659 eiusque
815 612 962 648 nomine
990 612 1201 648 sanetiffimo
1228 614 1397 660 primitus
1421 614 1593 650 inuocato
1612 628 1676 663 per
1695 616 1790 651 hanc

222 681 381 717 nostram
402 680 622 716 sentenciam
650 680 877 716 diffinitivam
905 693 1013 727 quam
1042 680 1190 716 ferimus
1216 682 1254 716 in
1273 682 1329 716 his
1349 682 1488 729 scriptis
1505 684 1789 730 pronunciamus

221 749 452 785 decernimus
480 754 516 784 et
544 748 772 784 declaramus
801 748 916 783 diffisos
943 747 1143 784 Patricium
1171 749 1304 798 Lowry
1326 749 1536 785 Johannem
1565 750 1789 798 Congiltoun

219 817 430 853 Johannem
458 817 604 864 Hering
631 817 807 852 seniorem
834 816 1045 852 Johannem
1072 816 1281 852 Patonsoun
1301 817 1528 853 VVillelmum
1553 819 1788 868 Keringtoun

220 886 344 923 David
363 886 571 922 Patonsoun
589 885 800 921 Johannem
820 884 986 921 Wilsoun
1005 884 1030 920 J
1034 884 1215 920 ohannem
1244 885 1391 933 Hering
1418 886 1596 922 iuniorem
1616 892 1652 923 ct
1673 887 1788 924 Geor—

219 955 317 1003 gium
337 954 505 1002 Gothray
524 959 761 1002 occupatores
789 959 825 989 et
851 953 1032 990 commodi
1059 959 1294 1001 perceptores
1320 954 1503 1002 prediaos
1527 955 1565 991 in
1588 956 1704 992 tribus
1732 970 1789 993 co-

219 1023 340 1071 phinis
369 1023 446 1059 siue
477 1023 646 1059 corbibus
674 1023 876 1071 vulgariter
903 1023 1008 1059 crelis
1035 1024 1234 1060 carbonum
1262 1025 1487 1061 decimorum
1516 1026 1614 1061 omni
1642 1027 1700 1062 die
1728 1028 1786 1063 sex

220 1092 360 1128 dierum
390 1092 428 1127 in
461 1090 654 1127 ebdomida
681 1103 703 1126 a
735 1091 824 1127 festo
851 1091 989 1127 Pasehe
1018 1092 1056 1127 in
1084 1105 1181 1127 anno
1213 1091 1366 1128 Domini
1393 1093 1582 1130 millesimo
1612 1095 1787 1143 quingen-

218 1160 343 1197 tesimo
370 1160 469 1196 sexto
497 1161 542 1195 de
571 1160 676 1195 dietis
706 1160 845 1196 duabus
878 1160 1124 1196 carbofodinis
1153 1160 1198 1196 de
1230 1160 1465 1197 Gilmertoun
1493 1162 1589 1198 dicto
1616 1163 1788 1212 magistro

218 1229 377 1265 Patricio
405 1228 567 1264 firmario
594 1228 777 1264 antedi&o
805 1228 987 1263 soluendis
1019 1234 1054 1264 et
1085 1229 1330 1265 deliberandis
1361 1231 1684 1279 condempnandos
1710 1233 1788 1269 fore

218 1304 254 1332 et
273 1297 582 1344 condempnamus
609 1308 753 1331 necnon
781 1296 828 1331 ad
854 1296 1134 1343 persoluendum
1161 1303 1197 1333 et
1225 1297 1502 1334 deliberandum
1526 1300 1590 1335 fibi
1615 1301 1787 1349 magistro

217 1364 378 1400 Patricio
406 1364 553 1400 nomine
581 1376 652 1411 quo
680 1364 787 1411 supra
814 1376 937 1399 veram
964 1364 1094 1399 iustam
1122 1370 1159 1401 et
1185 1365 1367 1413 integram
1387 1367 1566 1403 decimam
1586 1370 1784 1406 carbonum

217 1433 253 1468 in
272 1432 433 1469 futurum
453 1432 498 1467 de
526 1431 630 1467 diffluis
654 1432 793 1467 duabus
822 1432 1067 1469 carbofodinis
1093 1435 1396 1481 proueniencium
1424 1442 1460 1472 et
1486 1450 1552 1484 per
1579 1451 1640 1474 eos
1667 1446 1785 1477 extra-

215 1501 421 1536 hendorum
447 1512 514 1548 per
534 1499 708 1548 cophinos
734 1500 795 1535 seu
822 1500 949 1536 corbes
969 1501 1169 1549 vulgariter
1187 1503 1289 1538 crelis
1316 1503 1556 1541 leuandorum
1576 1513 1611 1542 et
1629 1509 1784 1556 percipi-

217 1569 394 1604 endorum
423 1573 533 1615 prout
569 1567 812 1603 extrahuntur
840 1574 876 1604 et
906 1568 1077 1605 leuantur
1108 1570 1278 1607 videlicet
1305 1572 1485 1608 decimum
1516 1587 1696 1622 quemque
1727 1590 1784 1613 co-

217 1637 370 1684 phinum
400 1637 460 1672 seu
492 1636 640 1672 corbem
671 1636 872 1684 vulgariter
899 1638 959 1672 tlte
985 1643 1060 1673 tent
1086 1638 1187 1673 creill
1215 1639 1414 1676 carbonum
1442 1642 1486 1677 de
1514 1643 1618 1679 diffis
1645 1645 1784 1682 duabus

219 1704 466 1740 carbofodinis
493 1716 559 1751 per
586 1716 647 1739 eos
667 1709 705 1740 vt
732 1705 955 1752 premittitur
981 1705 1019 1740 in
1046 1705 1209 1741 futurum
1241 1708 1549 1745 extrahendorum
1580 1713 1783 1760 percipien-

219 1772 349 1807 dorum
385 1777 420 1807 et
459 1771 699 1807 leuandorum
728 1771 830 1807 sicuti
859 1778 895 1807 et
924 1779 1034 1820 prout
1068 1773 1239 1809 leuantur
1270 1781 1306 1811 et
1338 1777 1592 1824 percipiuntur
1623 1780 1784 1818 similiter

219 1839 541 1887 condempnandos
567 1839 645 1874 fore
675 1844 711 1875 et
740 1840 1049 1888 condempnamus
1076 1854 1232 1878 vnacum
1264 1844 1427 1891 expensis
1458 1846 1495 1881 in
1527 1847 1590 1883 lite
1617 1849 1717 1885 saetis
1749 1858 1784 1887 et

219 1907 397 1942 faciendis
424 1907 551 1942 eadem
578 1906 702 1942 nostra
728 1907 907 1943 sententia
933 1909 1209 1957 condempnatis
1235 1930 1242 1938 ·
1269 1916 1305 1946 et
1335 1911 1405 1947 hoc
1437 1913 1600 1950 omnibus
1629 1929 1782 1963 quorum

219 1974 370 2010 interest
384 1980 511 2009 notum
529 1973 681 2010 facimus
700 1987 766 2022 per
783 1976 980 2023 presentes.

221 2120 335 2158 Carta
352 2121 554 2157 feodifirme
571 2121 667 2157 faeta
688 2133 754 2168 per
772 2121 993 2170 prepositum
1012 2128 1048 2159 et
1066 2124 1327 2171 prebendarios
1347 2125 1534 2164 Willelmo
1553 2129 1719 2180 Douglas
1738 2134 1782 2169 de

220 2188 461 2237 Drumlanrig
479 2190 525 2225 de
544 2190 653 2225 certis
672 2189 778 2226 terris
798 2190 934 2226 vocatis
953 2190 1072 2227 Soltre
1092 2191 1243 2229 Laudis,

221 2293 418 2350 Omisimus
455 2312 524 2348 hac
559 2317 698 2347 cartam
733 2311 861 2347 visuris
897 2312 955 2348 vel
990 2314 1167 2351 audituris
1201 2316 1391 2355 Johannes
1423 2320 1548 2370 Brady
1578 2324 1781 2371 prepositus

219 2379 367 2415 ecclesie
395 2379 586 2426 collegiate
614 2378 745 2415 Sanete
764 2379 959 2416 Trinitatis
985 2394 1098 2430 prope
1126 2383 1343 2434 Edinburgh
1370 2393 1427 2424 etc
1446 2408 1452 2415 ·
1472 2389 1622 2426 salutem
1648 2392 1686 2427 in
1705 2392 1781 2429 Do-

219 2448 316 2482 mino
334 2447 590 2495 sempiternam
609 2469 615 2475 -
637 2447 827 2484 Noueritis
853 2461 919 2484 nos
947 2461 1028 2485 cum
1055 2451 1227 2487 consensu
1249 2461 1286 2489 et
1305 2454 1438 2491 assensu
1457 2457 1781 2505 prebendariorum
