2147 2964
228 445 294 479 173

222 1957 290 1995 174

361 285 429 320 19ss
661 283 976 322 REGISTRUM
1003 285 1255 323 ECCLESIE
1284 287 1630 326 COLLEGIATE

360 431 596 486 COMPUTUM
625 451 761 487 domini
781 452 957 488 Willehni
980 453 1189 502 Yhownger
1217 455 1422 491 collectoris
1448 457 1635 492 firmarum
1664 457 1708 492 de
1729 456 1934 505 Kyrkhurd

359 517 542 566 Limplioy
570 525 605 555 et
633 520 739 555 terris
764 522 808 556 de
840 521 874 556 le
903 522 996 570 Hyll
1027 525 1146 558 aetum
1178 524 1274 571 apud
1304 524 1498 572 collegium
1535 526 1698 560 nostrum
1734 525 1843 561 tertio
1875 526 1933 561 die

357 587 486 623 mensis
518 588 740 625 Nouembris
771 603 868 626 anno
898 591 1051 627 Domini
1088 592 1277 628 millesimo
1310 593 1598 640 quingentesimo
1634 593 1932 641 quinquagesimo

357 656 475 703 primo
500 670 621 692 coram
646 658 828 706 preposito
853 659 1001 695 domino
1023 660 1187 709 Georgio
1208 661 1455 709 Clappertoun
1476 668 1512 698 et
1532 662 1662 698 ceteris
1680 663 1933 709 prebendariis

359 724 505 772 collegii
527 724 658 762 San&e
679 726 887 763 Trinitatis,

358 793 451 828 Item
471 806 538 841 pro
557 794 662 830 firma
680 795 829 830 ecclesie
849 796 894 831 de
914 796 1120 844 Kyrkhurd
1140 798 1224 833 llib.

357 861 449 896 Item
470 874 536 909 pro
556 863 697 897 duobus
716 862 909 911 Lymphoy
929 864 1028 900 Estir
1047 872 1083 901 et
1103 865 1234 901 Vester
1252 866 1364 901 xxviii
1385 866 1447 901 lib.

358 929 449 965 Item
470 943 537 978 pro
557 932 664 966 terris
681 931 728 967 'de
749 931 842 980 Hyll
862 932 911 967 vii
930 933 992 968 lib.

459 998 608 1035 Summa
627 1000 817 1036 annuatim
837 1000 920 1036 iiiixx
938 1001 984 1037 lb.
1005 1002 1077 1037 and
1096 1001 1171 1049 fyfe
1191 1001 1252 1036 lib.

357 1067 441 1110 Quo
459 1068 517 1103 die
536 1069 720 1116 predictus
740 1070 910 1105 dominus
926 1070 1133 1106 WVillclmus
1150 1069 1362 1117 Yhownger
1382 1069 1553 1105 collector
1572 1071 1796 1117 prefatarum
1817 1073 1930 1108 eccle-

357 1136 402 1171 iie
420 1142 455 1172 et
475 1144 656 1172 terrarum
685 1139 870 1186 temptatis
890 1151 1001 1174 onere
1024 1144 1059 1174 et
1087 1139 1252 1173 disonere
1280 1138 1434 1184 integris
1455 1138 1555 1174 venit
1574 1139 1718 1174 debitor
1737 1141 1775 1175 in
1794 1141 1933 1176 summa

355 1204 389 1239 lv
404 1204 466 1240 lib.
495 1205 568 1240 and
595 1205 711 1240 xiiiis.
741 1206 901 1242 restante
937 1207 975 1241 in
1007 1207 1175 1241 manibus
1211 1205 1282 1241 suis
1314 1205 1464 1240 testibus
1495 1206 1724 1242 manualibus
1756 1208 1931 1256 subscrip-

356 1273 527 1309 tionibus.

405 1343 589 1379 DoMINUs
623 1342 826 1378 Gssonfflus
857 1342 1142 1378 CLAPPERTONE
1187 1340 1373 1376 Donmms
1386 1341 1558 1377 JACOBUS
1574 1342 1715 1378 Wmnr
1728 1356 1837 1379 manu
1850 1357 1932 1392 pro-

454 1411 655 1459 prepofitus
674 1410 803 1447 sanae
818 1410 1015 1446 Trinitatis
1031 1422 1145 1457 prope
1240 1409 1322 1456 pria

453 1479 671 1527 Edinburgh
1185 1478 1370 1514 DOMINUS
1384 1479 1560 1515 JOANNES
1572 1479 1808 1517 BANNATYNE
1824 1494 1931 1517 manu

404 1549 588 1584 DoiliNUs
626 1547 870 1583 ALEXANDER
907 1547 1141 1583 HnmusonN
1240 1547 1391 1595 propria

454 1617 624 1665 magister
648 1617 835 1664 hospitalis
864 1629 973 1652 manu
992 1615 1143 1663 propria
1187 1615 1367 1651 MAISTER
1386 1615 1563 1652 JOANNES
1582 1616 1878 1654 Mircnmzsroxn
1910 1632 1932 1653 a

396 1687 581 1722 Domus-us
601 1685 732 1721 DAU1D
755 1684 834 1720 SYM
858 1698 969 1720 manu
988 1684 1139 1732 propria
1238 1683 1450 1719 Ormistoun
1470 1697 1579 1719 manu
1598 1685 1746 1732 propria

405 1755 611 1790 MAG-lemn
647 1753 810 1789 MARCUS
848 1753 983 1789 LAMBE
1029 1765 1139 1787 manu
1187 1751 1394 1787 JOHANNES
1414 1751 1595 1790 LxTqu.

452 1822 602 1871 propria

356 1944 591 1998 COMPUTUM
617 1959 755 1994 domini
776 1957 967 2006 Wyllolmi
986 1956 1196 2003 Yhownger
1221 1954 1424 1990 colleaoris
1451 1955 1637 1990 firmarum
1658 1956 1703 1991 de
1723 1956 1928 2004 Kyrkhurd

356 2029 537 2077 Limphoy
566 2035 602 2064 et
629 2028 737 2064 terris
765 2027 810 2062 de
836 2026 870 2061 le
891 2025 983 2073 Hyll
1011 2027 1128 2060 actum
1157 2025 1254 2072 apud
1282 2024 1478 2071 collegium
1497 2023 1596 2059 Diue
1617 2023 1811 2060 Trinitatis
1839 2026 1926 2061 duo-

356 2099 498 2133 decimo
527 2097 585 2132 die
612 2096 741 2131 mensis
769 2094 986 2130 Decembris
1015 2106 1111 2128 anno
1131 2092 1284 2128 Domini
1311 2095 1361 2127 m⁰
1388 2096 1421 2127 νο
1445 2091 1740 2139 quinquagesimo
1768 2094 1925 2129 secundo

357 2178 479 2201 coram
507 2164 655 2212 egregio
683 2164 762 2198 viro
790 2162 937 2198 domino
959 2161 1123 2208 Georgio
1145 2160 1397 2208 Clappertoun
1422 2160 1606 2207 preposito
1634 2167 1670 2196 et
1697 2161 1827 2195 ceteris
1845 2174 1924 2208 pre-

356 2232 540 2269 bendariis
556 2233 601 2267 ad
616 2232 685 2266 hoc
701 2230 933 2278 congregatis
947 2251 954 2258 -
967 2229 1176 2276 quiquidem
1195 2229 1362 2264 dominus
1374 2227 1575 2275 Wylelmus
1590 2227 1798 2276 Yhownger
1813 2241 1924 2264 onere

355 2308 391 2337 et
409 2301 573 2336 disonere
598 2299 784 2347 temptatis
811 2299 953 2346 integre
982 2298 1082 2333 venit
1110 2297 1216 2332 nihill
1243 2296 1281 2331 in
1309 2296 1475 2331 manibus
1500 2296 1561 2330 sed
1587 2295 1747 2330 absolute
1766 2296 1858 2332 liber
1877 2298 1922 2333 ab

355 2369 452 2404 omni
473 2369 608 2403 summa
626 2369 736 2414 usque
752 2368 798 2402 ad
816 2367 1012 2403 terminum
1030 2365 1153 2402 Sancti
1168 2364 1320 2400 Martini
1340 2364 1402 2410 qui
1422 2363 1598 2399 terminus
1619 2363 1671 2398 est
1689 2364 1922 2411 recipiendus

355 2437 400 2471 ab
420 2436 545 2471 eodem
563 2436 728 2471 omnibus
748 2435 904 2470 seruitiis
924 2433 1087 2469 deduetis
1105 2434 1143 2468 in
1163 2433 1239 2479 ipso
1260 2437 1430 2478 computo
1449 2431 1518 2466 iarn
1540 2436 1696 2478 recepto.
