<?xml version="1.0" encoding="UTF-8"?>
<!DOCTYPE html PUBLIC "-//W3C//DTD XHTML 1.0 Transitional//EN"
    "http://www.w3.org/TR/xhtml1/DTD/xhtml1-transitional.dtd">
<html xmlns="http://www.w3.org/1999/xhtml" xml:lang="en" lang="en">
 <head>
  <title>
</title>
<meta http-equiv="Content-Type" content="text/html;charset=utf-8" />
  <meta name='ocr-system' content='tesseract 3.04.00' />
  <meta name='ocr-capabilities' content='ocr_page ocr_carea ocr_par ocr_line ocrx_word'/>
</head>
<body>
  <div class='ocr_page' id='page_1' title='image "./registrumdomusde00lain_0529.png"; bbox 0 0 2147 2964; ppageno 0'>
   <div class='ocr_carea' id='block_1_1' title="bbox 888 295 1073 332">
    <p class='ocr_par' dir='ltr' id='par_1_1' title="bbox 888 295 1073 332">
     <span class='ocr_line' id='line_1_1' title="bbox 888 295 1073 332; baseline 0.005 -1"><span class='ocrx_word' id='word_1_1' title='bbox 888 295 1073 332; x_wconf 91' lang='lat' dir='ltr'>INDEX.</span> 
     </span>
    </p>
   </div>
   <div class='ocr_carea' id='block_1_2' title="bbox 222 392 961 1003">
    <p class='ocr_par' dir='ltr' id='par_1_2' title="bbox 227 392 961 482">
     <span class='ocr_line' id='line_1_2' title="bbox 227 392 961 430; baseline 0.001 -8"><span class='ocrx_word' id='word_1_2' title='bbox 227 393 338 430; x_wconf 83' lang='lat' dir='ltr'>Herset,</span> <span class='ocrx_word' id='word_1_3' title='bbox 369 393 532 430; x_wconf 79' lang='lat' dir='ltr'>Hertished,</span> <span class='ocrx_word' id='word_1_4' title='bbox 566 392 745 429; x_wconf 81' lang='lat' dir='ltr'>Hertishede,</span> <span class='ocrx_word' id='word_1_5' title='bbox 772 393 961 430; x_wconf 81' lang='lat' dir='ltr'>Hertishevit,</span> 
     </span>
     <span class='ocr_line' id='line_1_3' title="bbox 267 445 502 482; baseline 0.004 -9"><span class='ocrx_word' id='word_1_6' title='bbox 267 445 438 482; x_wconf 85' lang='lat' dir='ltr'>Hertyshed,</span> <span class='ocrx_word' id='word_1_7' title='bbox 455 447 502 474; x_wconf 85' lang='lat'>54.</span> 
     </span>
    </p>

    <p class='ocr_par' dir='ltr' id='par_1_3' title="bbox 320 497 643 535">
     <span class='ocr_line' id='line_1_4' title="bbox 320 497 643 535; baseline 0 -9"><span class='ocrx_word' id='word_1_8' title='bbox 320 498 458 526; x_wconf 80' lang='lat' dir='ltr'>Ricardus</span> <span class='ocrx_word' id='word_1_9' title='bbox 471 497 514 535; x_wconf 88' lang='lat' dir='ltr'>de,</span> <span class='ocrx_word' id='word_1_10' title='bbox 531 497 578 534; x_wconf 87' lang='lat'>28,</span> <span class='ocrx_word' id='word_1_11' title='bbox 596 498 643 526; x_wconf 87' lang='lat'>29.</span> 
     </span>
    </p>

    <p class='ocr_par' dir='ltr' id='par_1_4' title="bbox 224 549 961 631">
     <span class='ocr_line' id='line_1_5' title="bbox 224 549 961 586; baseline 0 -7"><span class='ocrx_word' id='word_1_12' title='bbox 224 567 303 571; x_wconf 91' lang='lat'>——-</span> <span class='ocrx_word' id='word_1_13' title='bbox 318 550 480 579; x_wconf 87' lang='lat' dir='ltr'>Willelmus</span> <span class='ocrx_word' id='word_1_14' title='bbox 495 550 586 579; x_wconf 85' lang='lat' dir='ltr'>Albus</span> <span class='ocrx_word' id='word_1_15' title='bbox 600 549 643 586; x_wconf 88' lang='lat' dir='ltr'>de,</span> <span class='ocrx_word' id='word_1_16' title='bbox 662 551 707 586; x_wconf 96' lang='grc'>11,</span> <span class='ocrx_word' id='word_1_17' title='bbox 727 552 771 585; x_wconf 97' lang='grc'>12,</span> <span class='ocrx_word' id='word_1_18' title='bbox 789 551 834 586; x_wconf 89' lang='grc'>15,</span> <span class='ocrx_word' id='word_1_19' title='bbox 851 551 898 586; x_wconf 90' lang='grc'>20,</span> <span class='ocrx_word' id='word_1_20' title='bbox 915 552 961 586; x_wconf 89' lang='grc'>23,</span> 
     </span>
     <span class='ocr_line' id='line_1_6' title="bbox 265 604 312 631; baseline 0.021 -1"><span class='ocrx_word' id='word_1_21' title='bbox 265 604 312 631; x_wconf 89' lang='lat'>31.</span> 
     </span>
    </p>

    <p class='ocr_par' dir='ltr' id='par_1_5' title="bbox 225 654 494 691">
     <span class='ocr_line' id='line_1_7' title="bbox 225 654 494 691; baseline -0.004 -8"><span class='ocrx_word' id='word_1_22' title='bbox 225 655 410 691; x_wconf 83' lang='lat' dir='ltr'>Hervistoun,</span> <span class='ocrx_word' id='word_1_23' title='bbox 427 654 494 683; x_wconf 89' lang='grc'>308.</span> 
     </span>
    </p>

    <p class='ocr_par' dir='ltr' id='par_1_6' title="bbox 224 705 891 743">
     <span class='ocr_line' id='line_1_8' title="bbox 224 705 891 743; baseline -0.003 -8"><span class='ocrx_word' id='word_1_24' title='bbox 224 707 349 743; x_wconf 85' lang='lat' dir='ltr'>Hetoun,</span> <span class='ocrx_word' id='word_1_25' title='bbox 365 706 504 735; x_wconf 83' lang='lat' dir='ltr'>Ricardus</span> <span class='ocrx_word' id='word_1_26' title='bbox 518 710 640 735; x_wconf 82' lang='lat' dir='ltr'>sectator</span> <span class='ocrx_word' id='word_1_27' title='bbox 654 705 769 734; x_wconf 81' lang='lat' dir='ltr'>baronie</span> <span class='ocrx_word' id='word_1_28' title='bbox 784 706 827 741; x_wconf 89' lang='lat' dir='ltr'>de,</span> <span class='ocrx_word' id='word_1_29' title='bbox 844 707 891 734; x_wconf 89' lang='grc'>39.</span> 
     </span>
    </p>

    <p class='ocr_par' dir='ltr' id='par_1_7' title="bbox 224 758 851 796">
     <span class='ocr_line' id='line_1_9' title="bbox 224 758 851 796; baseline -0.003 -8"><span class='ocrx_word' id='word_1_30' title='bbox 224 759 352 794; x_wconf 84' lang='lat' dir='ltr'>Heuche,</span> <span class='ocrx_word' id='word_1_31' title='bbox 368 758 540 794; x_wconf 79' lang='lat' dir='ltr'>willelmus,</span> <span class='ocrx_word' id='word_1_32' title='bbox 556 758 767 796; x_wconf 84' lang='lat' dir='ltr'>hospitularius‚</span> <span class='ocrx_word' id='word_1_33' title='bbox 785 758 851 786; x_wconf 86' lang='lat'>108.</span> 
     </span>
    </p>

    <p class='ocr_par' dir='ltr' id='par_1_8' title="bbox 223 810 948 846">
     <span class='ocr_line' id='line_1_10' title="bbox 223 810 948 846; baseline -0.003 -6"><span class='ocrx_word' id='word_1_34' title='bbox 223 812 336 846; x_wconf 82' lang='lat' dir='ltr'>Hewat,</span> <span class='ocrx_word' id='word_1_35' title='bbox 352 811 478 840; x_wconf 80' lang='lat' dir='ltr'>Jacobus</span> <span class='ocrx_word' id='word_1_36' title='bbox 492 811 628 839; x_wconf 86' lang='lat' dir='ltr'>Primrois</span> <span class='ocrx_word' id='word_1_37' title='bbox 642 810 762 839; x_wconf 86' lang='lat' dir='ltr'>seruitor</span> <span class='ocrx_word' id='word_1_38' title='bbox 776 810 863 846; x_wconf 88' lang='lat' dir='ltr'>Petri,</span> <span class='ocrx_word' id='word_1_39' title='bbox 882 812 948 838; x_wconf 79' lang='lat'>150.</span> 
     </span>
    </p>

    <p class='ocr_par' dir='ltr' id='par_1_9' title="bbox 317 863 628 899">
     <span class='ocr_line' id='line_1_11' title="bbox 317 863 628 899; baseline -0.003 -8"><span class='ocrx_word' id='word_1_40' title='bbox 317 863 427 899; x_wconf 84' lang='lat' dir='ltr'>Petrus,</span> <span class='ocrx_word' id='word_1_41' title='bbox 444 863 544 899; x_wconf 85' lang='lat' dir='ltr'>scriba,</span> <span class='ocrx_word' id='word_1_42' title='bbox 563 863 628 891; x_wconf 89' lang='lat'>150.</span> 
     </span>
    </p>

    <p class='ocr_par' dir='ltr' id='par_1_10' title="bbox 223 915 682 952">
     <span class='ocr_line' id='line_1_12' title="bbox 223 915 682 952; baseline -0.004 -8"><span class='ocrx_word' id='word_1_43' title='bbox 223 915 294 952; x_wconf 86' lang='lat' dir='ltr'>Hill,</span> <span class='ocrx_word' id='word_1_44' title='bbox 312 915 393 952; x_wconf 87' lang='lat' dir='ltr'>Hyll,</span> <span class='ocrx_word' id='word_1_45' title='bbox 409 915 540 944; x_wconf 87' lang='lat' dir='ltr'>dominus</span> <span class='ocrx_word' id='word_1_46' title='bbox 555 915 598 951; x_wconf 85' lang='lat' dir='ltr'>de,</span> <span class='ocrx_word' id='word_1_47' title='bbox 617 915 682 943; x_wconf 79' lang='lat'>194.</span> 
     </span>
    </p>

    <p class='ocr_par' dir='ltr' id='par_1_11' title="bbox 222 967 555 1003">
     <span class='ocr_line' id='line_1_13' title="bbox 222 967 555 1003; baseline -0.006 -6"><span class='ocrx_word' id='word_1_48' title='bbox 222 983 301 989; x_wconf 84' lang='lat'>————</span> <span class='ocrx_word' id='word_1_49' title='bbox 314 967 470 1003; x_wconf 81' lang='lat' dir='ltr'>Johannes,</span> <span class='ocrx_word' id='word_1_50' title='bbox 487 968 555 996; x_wconf 86' lang='lat'>263.</span> 
     </span>
    </p>
   </div>
   <div class='ocr_carea' id='block_1_3' title="bbox 225 513 304 520">
    <p class='ocr_par' dir='ltr' id='par_1_12' title="bbox 225 513 304 520">
     <span class='ocr_line' id='line_1_14' title="bbox 225 513 304 520; baseline 0 0"><span class='ocrx_word' id='word_1_51' title='bbox 225 513 304 520; x_wconf 95' lang='lat' dir='ltr'> </span> 
     </span>
    </p>
   </div>
   <div class='ocr_carea' id='block_1_4' title="bbox 223 879 302 885">
    <p class='ocr_par' dir='ltr' id='par_1_13' title="bbox 223 879 302 885">
     <span class='ocr_line' id='line_1_15' title="bbox 223 879 302 885; baseline 0 0"><span class='ocrx_word' id='word_1_52' title='bbox 223 879 302 885; x_wconf 95' lang='lat' dir='ltr'> </span> 
     </span>
    </p>
   </div>
   <div class='ocr_carea' id='block_1_5' title="bbox 221 1036 301 1043">
    <p class='ocr_par' dir='ltr' id='par_1_14' title="bbox 221 1036 301 1043">
     <span class='ocr_line' id='line_1_16' title="bbox 221 1036 301 1043; baseline 0 0"><span class='ocrx_word' id='word_1_53' title='bbox 221 1036 301 1043; x_wconf 95' lang='lat' dir='ltr'> </span> 
     </span>
    </p>
   </div>
   <div class='ocr_carea' id='block_1_6' title="bbox 264 1123 959 1162">
    <p class='ocr_par' dir='ltr' id='par_1_15' title="bbox 264 1123 959 1162">
     <span class='ocr_line' id='line_1_17' title="bbox 264 1123 959 1162; baseline -0.003 -9"><span class='ocrx_word' id='word_1_54' title='bbox 264 1126 329 1162; x_wconf 88' lang='grc'>142,</span> <span class='ocrx_word' id='word_1_55' title='bbox 357 1126 423 1161; x_wconf 93' lang='grc'>167,</span> <span class='ocrx_word' id='word_1_56' title='bbox 449 1124 514 1158; x_wconf 86' lang='grc'>168,</span> <span class='ocrx_word' id='word_1_57' title='bbox 543 1124 608 1159; x_wconf 91' lang='grc'>186,</span> <span class='ocrx_word' id='word_1_58' title='bbox 636 1124 702 1158; x_wconf 76' lang='grc'>188,</span> <span class='ocrx_word' id='word_1_59' title='bbox 728 1123 794 1159; x_wconf 87' lang='grc'>190,</span> <span class='ocrx_word' id='word_1_60' title='bbox 820 1124 959 1157; x_wconf 78' lang='grc'>192-194,</span> 
     </span>
    </p>
   </div>
   <div class='ocr_carea' id='block_1_7' title="bbox 222 1178 613 1264">
    <p class='ocr_par' dir='ltr' id='par_1_16' title="bbox 222 1178 613 1264">
     <span class='ocr_line' id='line_1_18' title="bbox 263 1178 412 1214; baseline -0.007 -8"><span class='ocrx_word' id='word_1_61' title='bbox 263 1178 328 1214; x_wconf 90' lang='grc'>198,</span> <span class='ocrx_word' id='word_1_62' title='bbox 347 1178 412 1206; x_wconf 89' lang='grc'>199.</span> 
     </span>
     <span class='ocr_line' id='line_1_19' title="bbox 222 1229 613 1264; baseline -0.008 -6"><span class='ocrx_word' id='word_1_63' title='bbox 222 1229 354 1264; x_wconf 83' lang='lat' dir='ltr'>Hiltoun,</span> <span class='ocrx_word' id='word_1_64' title='bbox 372 1229 469 1258; x_wconf 82' lang='lat' dir='ltr'>Simon</span> <span class='ocrx_word' id='word_1_65' title='bbox 485 1229 528 1264; x_wconf 91' lang='lat' dir='ltr'>de,</span> <span class='ocrx_word' id='word_1_66' title='bbox 547 1229 613 1256; x_wconf 86' lang='lat'>143.</span> 
     </span>
    </p>
   </div>
   <div class='ocr_carea' id='block_1_8' title="bbox 222 1279 959 1319">
    <p class='ocr_par' dir='ltr' id='par_1_17' title="bbox 222 1279 959 1319">
     <span class='ocr_line' id='line_1_20' title="bbox 222 1279 959 1319; baseline -0.004 -9"><span class='ocrx_word' id='word_1_67' title='bbox 222 1282 298 1319; x_wconf 85' lang='lat' dir='ltr'>Hog,</span> <span class='ocrx_word' id='word_1_68' title='bbox 309 1281 402 1318; x_wconf 88' lang='lat' dir='ltr'>Hoge,</span> <span class='ocrx_word' id='word_1_69' title='bbox 413 1281 516 1318; x_wconf 85' lang='lat' dir='ltr'>Hoige,</span> <span class='ocrx_word' id='word_1_70' title='bbox 524 1279 696 1315; x_wconf 78' lang='lat' dir='ltr'>Alexander,</span> <span class='ocrx_word' id='word_1_71' title='bbox 709 1279 738 1307; x_wconf 90' lang='lat' dir='ltr'>in</span> <span class='ocrx_word' id='word_1_72' title='bbox 750 1279 959 1315; x_wconf 80' lang='lat' dir='ltr'>Broderstanes,</span> 
     </span>
    </p>
   </div>
   <div class='ocr_carea' id='block_1_9' title="bbox 261 1335 328 1362">
    <p class='ocr_par' dir='ltr' id='par_1_18' title="bbox 261 1335 328 1362">
     <span class='ocr_line' id='line_1_21' title="bbox 261 1335 328 1362; baseline 0 -1"><span class='ocrx_word' id='word_1_73' title='bbox 261 1335 328 1362; x_wconf 88' lang='lat'>241.</span> 
     </span>
    </p>
   </div>
   <div class='ocr_carea' id='block_1_10' title="bbox 221 1401 300 1408">
    <p class='ocr_par' dir='ltr' id='par_1_19' title="bbox 221 1401 300 1408">
     <span class='ocr_line' id='line_1_22' title="bbox 221 1401 300 1408; baseline 0 0"><span class='ocrx_word' id='word_1_74' title='bbox 221 1401 300 1408; x_wconf 95' lang='lat' dir='ltr'> </span> 
     </span>
    </p>
   </div>
   <div class='ocr_carea' id='block_1_11' title="bbox 215 1385 957 2465">
    <p class='ocr_par' dir='ltr' id='par_1_20' title="bbox 315 1385 533 1422">
     <span class='ocr_line' id='line_1_23' title="bbox 315 1385 533 1422; baseline -0.005 -9"><span class='ocrx_word' id='word_1_75' title='bbox 315 1385 469 1422; x_wconf 86' lang='lat' dir='ltr'>Ninianus,</span> <span class='ocrx_word' id='word_1_76' title='bbox 485 1386 533 1413; x_wconf 89' lang='lat'>90.</span> 
     </span>
    </p>

    <p class='ocr_par' dir='ltr' id='par_1_21' title="bbox 220 1435 957 1526">
     <span class='ocr_line' id='line_1_24' title="bbox 220 1435 957 1473; baseline -0.004 -7"><span class='ocrx_word' id='word_1_77' title='bbox 220 1455 300 1461; x_wconf 85' lang='lat'>——</span> <span class='ocrx_word' id='word_1_78' title='bbox 314 1437 469 1472; x_wconf 68' lang='lat' dir='ltr'>william,</span> <span class='ocrx_word' id='word_1_79' title='bbox 486 1436 628 1465; x_wconf 81' lang='lat' dir='ltr'>induellar</span> <span class='ocrx_word' id='word_1_80' title='bbox 649 1436 681 1465; x_wconf 84' lang='lat' dir='ltr'>of</span> <span class='ocrx_word' id='word_1_81' title='bbox 698 1435 777 1464; x_wconf 82' lang='lat' dir='ltr'>Estir</span> <span class='ocrx_word' id='word_1_82' title='bbox 798 1435 957 1473; x_wconf 75' lang='lat' dir='ltr'>Lumphoy,</span> 
     </span>
     <span class='ocr_line' id='line_1_25' title="bbox 260 1491 393 1526; baseline -0.008 -7"><span class='ocrx_word' id='word_1_83' title='bbox 260 1492 308 1526; x_wconf 82' lang='lat'>92,</span> <span class='ocrx_word' id='word_1_84' title='bbox 327 1491 393 1519; x_wconf 89' lang='lat'>106.</span> 
     </span>
    </p>

    <p class='ocr_par' dir='ltr' id='par_1_22' title="bbox 221 1541 724 1580">
     <span class='ocr_line' id='line_1_26' title="bbox 221 1541 724 1580; baseline -0.006 -9"><span class='ocrx_word' id='word_1_85' title='bbox 221 1543 365 1580; x_wconf 83' lang='lat' dir='ltr'>Hogekin,</span> <span class='ocrx_word' id='word_1_86' title='bbox 383 1541 555 1577; x_wconf 85' lang='lat' dir='ltr'>Alexander,</span> <span class='ocrx_word' id='word_1_87' title='bbox 574 1542 639 1577; x_wconf 84' lang='grc'>151,</span> <span class='ocrx_word' id='word_1_88' title='bbox 657 1542 724 1569; x_wconf 86' lang='lat'>152.</span> 
     </span>
    </p>

    <p class='ocr_par' dir='ltr' id='par_1_23' title="bbox 273 1592 956 1628">
     <span class='ocr_line' id='line_1_27' title="bbox 273 1592 956 1628; baseline -0.006 -5"><span class='ocrx_word' id='word_1_89' title='bbox 273 1602 275 1605; x_wconf 89' lang='grc'><strong>’</strong></span> <span class='ocrx_word' id='word_1_90' title='bbox 314 1594 486 1628; x_wconf 83' lang='lat' dir='ltr'>Alexander,</span> <span class='ocrx_word' id='word_1_91' title='bbox 515 1593 590 1621; x_wconf 84' lang='lat' dir='ltr'>filius</span> <span class='ocrx_word' id='word_1_92' title='bbox 619 1597 647 1621; x_wconf 83' lang='lat' dir='ltr'>et</span> <span class='ocrx_word' id='word_1_93' title='bbox 681 1592 762 1621; x_wconf 85' lang='lat' dir='ltr'>heres</span> <span class='ocrx_word' id='word_1_94' title='bbox 790 1592 956 1627; x_wconf 80' lang='lat' dir='ltr'>Alexandri,</span> 
     </span>
    </p>

    <p class='ocr_par' dir='ltr' id='par_1_24' title="bbox 262 1648 409 1683">
     <span class='ocr_line' id='line_1_28' title="bbox 262 1648 409 1683; baseline -0.007 -8"><span class='ocrx_word' id='word_1_95' title='bbox 262 1648 327 1683; x_wconf 83' lang='lat'>151,</span> <span class='ocrx_word' id='word_1_96' title='bbox 344 1648 409 1675; x_wconf 83' lang='lat'>152.</span> 
     </span>
    </p>

    <p class='ocr_par' dir='ltr' id='par_1_25' title="bbox 262 1696 956 1780">
     <span class='ocr_line' id='line_1_29' title="bbox 314 1696 956 1735; baseline -0.005 -8"><span class='ocrx_word' id='word_1_97' title='bbox 314 1699 437 1727; x_wconf 83' lang='lat' dir='ltr'>Mariota.</span> <span class='ocrx_word' id='word_1_98' title='bbox 462 1697 645 1735; x_wconf 83' lang='lat' dir='ltr'>Hoppringill</span> <span class='ocrx_word' id='word_1_99' title='bbox 668 1706 769 1735; x_wconf 85' lang='lat' dir='ltr'>sponsa</span> <span class='ocrx_word' id='word_1_100' title='bbox 791 1696 956 1731; x_wconf 79' lang='lat' dir='ltr'>Alexandri,</span> 
     </span>
     <span class='ocr_line' id='line_1_30' title="bbox 262 1753 327 1780; baseline -0.015 0"><span class='ocrx_word' id='word_1_101' title='bbox 262 1753 327 1780; x_wconf 88' lang='lat'>152.</span> 
     </span>
    </p>

    <p class='ocr_par' dir='ltr' id='par_1_26' title="bbox 219 1800 918 1841">
     <span class='ocr_line' id='line_1_31' title="bbox 219 1800 918 1841; baseline -0.007 -8"><span class='ocrx_word' id='word_1_102' title='bbox 219 1804 379 1841; x_wconf 81' lang='lat' dir='ltr'>Hogstoun,</span> <span class='ocrx_word' id='word_1_103' title='bbox 395 1801 598 1841; x_wconf 80' lang='lat' dir='ltr'>prebendarius</span> <span class='ocrx_word' id='word_1_104' title='bbox 612 1801 655 1837; x_wconf 88' lang='lat' dir='ltr'>de,</span> <span class='ocrx_word' id='word_1_105' title='bbox 672 1801 735 1830; x_wconf 81' lang='lat' dir='ltr'>vide</span> <span class='ocrx_word' id='word_1_106' title='bbox 748 1800 918 1830; x_wconf 83' lang='lat' dir='ltr'>Grechtoun.</span> 
     </span>
    </p>

    <p class='ocr_par' dir='ltr' id='par_1_27' title="bbox 312 1855 524 1890">
     <span class='ocr_line' id='line_1_32' title="bbox 312 1855 524 1890; baseline -0.005 -7"><span class='ocrx_word' id='word_1_107' title='bbox 312 1855 382 1883; x_wconf 83' lang='lat' dir='ltr'>villa</span> <span class='ocrx_word' id='word_1_108' title='bbox 397 1855 440 1890; x_wconf 88' lang='lat' dir='ltr'>de,</span> <span class='ocrx_word' id='word_1_109' title='bbox 457 1855 524 1882; x_wconf 87' lang='grc'><strong>309.</strong></span> 
     </span>
    </p>

    <p class='ocr_par' dir='ltr' id='par_1_28' title="bbox 219 1906 572 1943">
     <span class='ocr_line' id='line_1_33' title="bbox 219 1906 572 1943; baseline -0.006 -7"><span class='ocrx_word' id='word_1_110' title='bbox 219 1907 340 1943; x_wconf 89' lang='lat' dir='ltr'>Holden,</span> <span class='ocrx_word' id='word_1_111' title='bbox 358 1911 430 1935; x_wconf 86' lang='lat' dir='ltr'>terre</span> <span class='ocrx_word' id='word_1_112' title='bbox 445 1906 488 1942; x_wconf 88' lang='lat' dir='ltr'>de,</span> <span class='ocrx_word' id='word_1_113' title='bbox 505 1907 572 1935; x_wconf 91' lang='lat'>314.</span> 
     </span>
    </p>

    <p class='ocr_par' dir='ltr' id='par_1_29' title="bbox 218 1959 515 1996">
     <span class='ocr_line' id='line_1_34' title="bbox 218 1959 515 1996; baseline -0.007 -8"><span class='ocrx_word' id='word_1_114' title='bbox 218 1960 319 1996; x_wconf 85' lang='lat' dir='ltr'>Home,</span> <span class='ocrx_word' id='word_1_115' title='bbox 335 1961 396 1988; x_wconf 79' lang='lat' dir='ltr'>vide</span> <span class='ocrx_word' id='word_1_116' title='bbox 412 1959 515 1987; x_wconf 86' lang='lat' dir='ltr'>Hume.</span> 
     </span>
    </p>

    <p class='ocr_par' dir='ltr' id='par_1_30' title="bbox 219 2011 592 2050">
     <span class='ocr_line' id='line_1_35' title="bbox 219 2011 592 2050; baseline -0.005 -10"><span class='ocrx_word' id='word_1_117' title='bbox 219 2013 344 2050; x_wconf 84' lang='lat' dir='ltr'>Hoppar,</span> <span class='ocrx_word' id='word_1_118' title='bbox 361 2011 508 2046; x_wconf 83' lang='lat' dir='ltr'>Ricardus,</span> <span class='ocrx_word' id='word_1_119' title='bbox 525 2011 592 2039; x_wconf 83' lang='lat'>325.</span> 
     </span>
    </p>

    <p class='ocr_par' dir='ltr' id='par_1_31' title="bbox 218 2059 953 2151">
     <span class='ocr_line' id='line_1_36' title="bbox 218 2059 953 2102; baseline -0.008 -9"><span class='ocrx_word' id='word_1_120' title='bbox 218 2063 400 2102; x_wconf 72' lang='lat' dir='ltr'>Hoppringil,</span> <span class='ocrx_word' id='word_1_121' title='bbox 412 2061 606 2100; x_wconf 86' lang='lat' dir='ltr'>Hoppringill,</span> <span class='ocrx_word' id='word_1_122' title='bbox 619 2060 806 2099; x_wconf 83' lang='lat' dir='ltr'>Hoppringle,</span> <span class='ocrx_word' id='word_1_123' title='bbox 823 2059 953 2097; x_wconf 79' lang='lat' dir='ltr'>Pringill,</span> 
     </span>
     <span class='ocr_line' id='line_1_37' title="bbox 257 2115 494 2151; baseline -0.008 -7"><span class='ocrx_word' id='word_1_124' title='bbox 257 2115 430 2151; x_wconf 81' lang='lat' dir='ltr'>Alexander,</span> <span class='ocrx_word' id='word_1_125' title='bbox 447 2115 494 2142; x_wconf 83' lang='lat'>90.</span> 
     </span>
    </p>

    <p class='ocr_par' dir='ltr' id='par_1_32' title="bbox 309 2167 528 2203">
     <span class='ocr_line' id='line_1_38' title="bbox 309 2167 528 2203; baseline -0.014 -6"><span class='ocrx_word' id='word_1_126' title='bbox 309 2167 444 2203; x_wconf 82' lang='lat' dir='ltr'>Jacobus,</span> <span class='ocrx_word' id='word_1_127' title='bbox 462 2167 528 2194; x_wconf 89' lang='lat'>112.</span> 
     </span>
    </p>

    <p class='ocr_par' dir='ltr' id='par_1_33' title="bbox 307 2207 951 2256">
     <span class='ocr_line' id='line_1_39' title="bbox 307 2207 951 2256; baseline -0.008 -7"><span class='ocrx_word' id='word_1_128' title='bbox 307 2220 444 2255; x_wconf 83' lang='lat' dir='ltr'>Jacobus,</span> <span class='ocrx_word' id='word_1_129' title='bbox 467 2207 678 2256; x_wconf 66' lang='lat' dir='ltr'>hespitularius,</span> <span class='ocrx_word' id='word_1_130' title='bbox 704 2218 770 2251; x_wconf 85' lang='lat'>125,</span> <span class='ocrx_word' id='word_1_131' title='bbox 793 2218 860 2251; x_wconf 82' lang='lat'>224,</span> <span class='ocrx_word' id='word_1_132' title='bbox 885 2218 951 2253; x_wconf 85' lang='lat'>225,</span> 
     </span>
    </p>

    <p class='ocr_par' dir='ltr' id='par_1_34' title="bbox 256 2273 408 2308">
     <span class='ocr_line' id='line_1_40' title="bbox 256 2273 408 2308; baseline -0.013 -7"><span class='ocrx_word' id='word_1_133' title='bbox 256 2273 323 2308; x_wconf 85' lang='lat'>231,</span> <span class='ocrx_word' id='word_1_134' title='bbox 340 2273 408 2300; x_wconf 88' lang='lat'>234.</span> 
     </span>
    </p>

    <p class='ocr_par' dir='ltr' id='par_1_35' title="bbox 308 2321 675 2359">
     <span class='ocr_line' id='line_1_41' title="bbox 308 2321 675 2359; baseline -0.005 -8"><span class='ocrx_word' id='word_1_135' title='bbox 308 2323 438 2359; x_wconf 73' lang='lat' dir='ltr'>Mai-iota,</span> <span class='ocrx_word' id='word_1_136' title='bbox 454 2323 516 2350; x_wconf 75' lang='lat' dir='ltr'>vido</span> <span class='ocrx_word' id='word_1_137' title='bbox 530 2321 675 2358; x_wconf 85' lang='lat' dir='ltr'>Hogekin.</span> 
     </span>
    </p>

    <p class='ocr_par' dir='ltr' id='par_1_36' title="bbox 309 2374 572 2409">
     <span class='ocr_line' id='line_1_42' title="bbox 309 2374 572 2409; baseline -0.008 -6"><span class='ocrx_word' id='word_1_138' title='bbox 309 2375 451 2403; x_wconf 86' lang='lat' dir='ltr'>Robertus</span> <span class='ocrx_word' id='word_1_139' title='bbox 465 2374 508 2409; x_wconf 89' lang='lat' dir='ltr'>de,</span> <span class='ocrx_word' id='word_1_140' title='bbox 524 2375 572 2402; x_wconf 89' lang='grc'>29.</span> 
     </span>
    </p>

    <p class='ocr_par' dir='ltr' id='par_1_37' title="bbox 215 2423 862 2465">
     <span class='ocr_line' id='line_1_43' title="bbox 215 2423 862 2465; baseline -0.006 -9"><span class='ocrx_word' id='word_1_141' title='bbox 215 2427 390 2462; x_wconf 84' lang='lat' dir='ltr'>Horsbruke,</span> <span class='ocrx_word' id='word_1_142' title='bbox 405 2425 564 2465; x_wconf 78' lang='lat' dir='ltr'>capellania</span> <span class='ocrx_word' id='word_1_143' title='bbox 578 2425 622 2462; x_wconf 77' lang='lat' dir='ltr'>de,</span> <span class='ocrx_word' id='word_1_144' title='bbox 638 2425 700 2453; x_wconf 85' lang='lat' dir='ltr'>vide</span> <span class='ocrx_word' id='word_1_145' title='bbox 716 2423 862 2453; x_wconf 82' lang='lat' dir='ltr'>Dalkeith.</span> 
     </span>
    </p>
   </div>
   <div class='ocr_carea' id='block_1_12' title="bbox 220 1611 296 1619">
    <p class='ocr_par' dir='ltr' id='par_1_38' title="bbox 220 1611 296 1619">
     <span class='ocr_line' id='line_1_44' title="bbox 220 1611 296 1619; baseline 0 0"><span class='ocrx_word' id='word_1_146' title='bbox 220 1611 296 1619; x_wconf 95' lang='lat' dir='ltr'> </span> 
     </span>
    </p>
   </div>
   <div class='ocr_carea' id='block_1_13' title="bbox 219 1715 298 1721">
    <p class='ocr_par' dir='ltr' id='par_1_39' title="bbox 219 1715 298 1721">
     <span class='ocr_line' id='line_1_45' title="bbox 219 1715 298 1721; baseline 0 0"><span class='ocrx_word' id='word_1_147' title='bbox 219 1715 298 1721; x_wconf 95' lang='lat' dir='ltr'> </span> 
     </span>
    </p>
   </div>
   <div class='ocr_carea' id='block_1_14' title="bbox 218 1872 297 1878">
    <p class='ocr_par' dir='ltr' id='par_1_40' title="bbox 218 1872 297 1878">
     <span class='ocr_line' id='line_1_46' title="bbox 218 1872 297 1878; baseline 0 0"><span class='ocrx_word' id='word_1_148' title='bbox 218 1872 297 1878; x_wconf 95' lang='lat' dir='ltr'> </span> 
     </span>
    </p>
   </div>
   <div class='ocr_carea' id='block_1_15' title="bbox 215 2183 295 2190">
    <p class='ocr_par' dir='ltr' id='par_1_41' title="bbox 215 2183 295 2190">
     <span class='ocr_line' id='line_1_47' title="bbox 215 2183 295 2190; baseline 0 0"><span class='ocrx_word' id='word_1_149' title='bbox 215 2183 295 2190; x_wconf 95' lang='lat' dir='ltr'> </span> 
     </span>
    </p>
   </div>
   <div class='ocr_carea' id='block_1_16' title="bbox 215 2235 291 2243">
    <p class='ocr_par' dir='ltr' id='par_1_42' title="bbox 215 2235 291 2243">
     <span class='ocr_line' id='line_1_48' title="bbox 215 2235 291 2243; baseline 0 0"><span class='ocrx_word' id='word_1_150' title='bbox 215 2235 291 2243; x_wconf 95' lang='lat' dir='ltr'> </span> 
     </span>
    </p>
   </div>
   <div class='ocr_carea' id='block_1_17' title="bbox 214 2339 293 2346">
    <p class='ocr_par' dir='ltr' id='par_1_43' title="bbox 214 2339 293 2346">
     <span class='ocr_line' id='line_1_49' title="bbox 214 2339 293 2346; baseline 0 0"><span class='ocrx_word' id='word_1_151' title='bbox 214 2339 293 2346; x_wconf 95' lang='lat' dir='ltr'> </span> 
     </span>
    </p>
   </div>
   <div class='ocr_carea' id='block_1_18' title="bbox 215 2391 295 2397">
    <p class='ocr_par' dir='ltr' id='par_1_44' title="bbox 215 2391 295 2397">
     <span class='ocr_line' id='line_1_50' title="bbox 215 2391 295 2397; baseline 0 0"><span class='ocrx_word' id='word_1_152' title='bbox 215 2391 295 2397; x_wconf 95' lang='lat' dir='ltr'> </span> 
     </span>
    </p>
   </div>
   <div class='ocr_carea' id='block_1_19' title="bbox 221 1018 960 1107">
    <p class='ocr_par' dir='ltr' id='par_1_45' title="bbox 221 1018 960 1107">
     <span class='ocr_line' id='line_1_51' title="bbox 314 1018 960 1058; baseline -0.003 -10"><span class='ocrx_word' id='word_1_153' title='bbox 314 1019 517 1058; x_wconf 85' lang='lat' dir='ltr'>prebendarius</span> <span class='ocrx_word' id='word_1_154' title='bbox 528 1019 571 1055; x_wconf 91' lang='lat' dir='ltr'>de,</span> <span class='ocrx_word' id='word_1_155' title='bbox 583 1019 630 1047; x_wconf 89' lang='grc'>67.</span> <span class='ocrx_word' id='word_1_156' title='bbox 659 1019 728 1047; x_wconf 80' lang='lat' dir='ltr'>Vide</span> <span class='ocrx_word' id='word_1_157' title='bbox 740 1018 826 1047; x_wconf 83' lang='lat' dir='ltr'>etiam</span> <span class='ocrx_word' id='word_1_158' title='bbox 834 1018 960 1056; x_wconf 86' lang='lat' dir='ltr'>Spreule.</span> 
     </span>
     <span class='ocr_line' id='line_1_52' title="bbox 221 1071 960 1107; baseline -0.004 -6"><span class='ocrx_word' id='word_1_159' title='bbox 221 1089 297 1096; x_wconf 90' lang='lat'>·—-</span> <span class='ocrx_word' id='word_1_160' title='bbox 314 1072 386 1101; x_wconf 89' lang='lat' dir='ltr'>villa</span> <span class='ocrx_word' id='word_1_161' title='bbox 408 1081 457 1101; x_wconf 86' lang='lat' dir='ltr'>seu</span> <span class='ocrx_word' id='word_1_162' title='bbox 480 1075 553 1100; x_wconf 85' lang='lat' dir='ltr'>terre</span> <span class='ocrx_word' id='word_1_163' title='bbox 578 1071 622 1107; x_wconf 90' lang='lat' dir='ltr'>de,</span> <span class='ocrx_word' id='word_1_164' title='bbox 645 1072 692 1107; x_wconf 85' lang='lat'>66,</span> <span class='ocrx_word' id='word_1_165' title='bbox 716 1072 763 1106; x_wconf 88' lang='grc'>67,</span> <span class='ocrx_word' id='word_1_166' title='bbox 786 1071 832 1106; x_wconf 89' lang='grc'>92,</span> <span class='ocrx_word' id='word_1_167' title='bbox 850 1072 897 1107; x_wconf 88' lang='grc'>97,</span> <span class='ocrx_word' id='word_1_168' title='bbox 913 1071 960 1106; x_wconf 80' lang='grc'>98,</span> 
     </span>
    </p>
   </div>
   <div class='ocr_carea' id='block_1_20' title="bbox 1682 303 1754 336">
    <p class='ocr_par' dir='ltr' id='par_1_46' title="bbox 1682 303 1754 336">
     <span class='ocr_line' id='line_1_53' title="bbox 1682 303 1754 336; baseline 0.014 -1"><span class='ocrx_word' id='word_1_169' title='bbox 1682 303 1754 336; x_wconf 89' lang='grc'>353</span> 
     </span>
    </p>
   </div>
   <div class='ocr_carea' id='block_1_21' title="bbox 1015 395 1751 848">
    <p class='ocr_par' dir='ltr' id='par_1_47' title="bbox 1015 395 1419 432">
     <span class='ocr_line' id='line_1_54' title="bbox 1015 395 1419 432; baseline 0.002 -8"><span class='ocrx_word' id='word_1_170' title='bbox 1015 395 1190 432; x_wconf 82' lang='lat' dir='ltr'>Horsbruke,</span> <span class='ocrx_word' id='word_1_171' title='bbox 1206 400 1278 424; x_wconf 84' lang='lat' dir='ltr'>terre</span> <span class='ocrx_word' id='word_1_172' title='bbox 1293 396 1336 432; x_wconf 89' lang='lat' dir='ltr'>de,</span> <span class='ocrx_word' id='word_1_173' title='bbox 1351 398 1419 425; x_wconf 86' lang='lat'>314.</span> 
     </span>
    </p>

    <p class='ocr_par' dir='ltr' id='par_1_48' title="bbox 1015 448 1751 538">
     <span class='ocr_line' id='line_1_55' title="bbox 1015 448 1751 487; baseline 0.003 -11"><span class='ocrx_word' id='word_1_174' title='bbox 1015 448 1175 485; x_wconf 86' lang='lat' dir='ltr'>Howisone,</span> <span class='ocrx_word' id='word_1_175' title='bbox 1205 449 1360 485; x_wconf 82' lang='lat' dir='ltr'>Johannes,</span> <span class='ocrx_word' id='word_1_176' title='bbox 1390 454 1488 478; x_wconf 83' lang='lat' dir='ltr'>cantor</span> <span class='ocrx_word' id='word_1_177' title='bbox 1516 449 1545 478; x_wconf 89' lang='lat' dir='ltr'>in</span> <span class='ocrx_word' id='word_1_178' title='bbox 1574 449 1694 487; x_wconf 83' lang='lat' dir='ltr'>collegio</span> <span class='ocrx_word' id='word_1_179' title='bbox 1723 450 1751 479; x_wconf 77' lang='lat' dir='ltr'>S.</span> 
     </span>
     <span class='ocr_line' id='line_1_56' title="bbox 1055 500 1383 538; baseline 0.009 -10"><span class='ocrx_word' id='word_1_180' title='bbox 1055 500 1214 537; x_wconf 74' lang='lat' dir='ltr'>Trinitatis,</span> <span class='ocrx_word' id='word_1_181' title='bbox 1233 502 1298 538; x_wconf 83' lang='lat'>184,</span> <span class='ocrx_word' id='word_1_182' title='bbox 1318 503 1383 531; x_wconf 84' lang='lat'>186.</span> 
     </span>
    </p>

    <p class='ocr_par' dir='ltr' id='par_1_49' title="bbox 1015 551 1749 641">
     <span class='ocr_line' id='line_1_57' title="bbox 1015 551 1749 591; baseline 0.003 -11"><span class='ocrx_word' id='word_1_183' title='bbox 1015 551 1212 589; x_wconf 78' lang='lat' dir='ltr'>Howlatsoun,</span> <span class='ocrx_word' id='word_1_184' title='bbox 1248 553 1399 587; x_wconf 80' lang='lat' dir='ltr'>Patricius,</span> <span class='ocrx_word' id='word_1_185' title='bbox 1434 553 1644 591; x_wconf 79' lang='lat' dir='ltr'>hospitalarius,</span> <span class='ocrx_word' id='word_1_186' title='bbox 1685 556 1749 590; x_wconf 79' lang='lat'>140,</span> 
     </span>
     <span class='ocr_line' id='line_1_58' title="bbox 1056 606 1288 641; baseline 0.013 -10"><span class='ocrx_word' id='word_1_187' title='bbox 1056 606 1121 640; x_wconf 90' lang='lat'>142,</span> <span class='ocrx_word' id='word_1_188' title='bbox 1140 607 1205 641; x_wconf 86' lang='lat'>144,</span> <span class='ocrx_word' id='word_1_189' title='bbox 1222 606 1288 634; x_wconf 87' lang='lat'>230.</span> 
     </span>
    </p>

    <p class='ocr_par' dir='ltr' id='par_1_50' title="bbox 1015 656 1610 693">
     <span class='ocr_line' id='line_1_59' title="bbox 1015 656 1610 693; baseline 0.003 -9"><span class='ocrx_word' id='word_1_190' title='bbox 1015 656 1150 693; x_wconf 82' lang='lat' dir='ltr'>Hugoun,</span> <span class='ocrx_word' id='word_1_191' title='bbox 1168 657 1304 693; x_wconf 84' lang='lat' dir='ltr'>Andreas,</span> <span class='ocrx_word' id='word_1_192' title='bbox 1320 657 1444 692; x_wconf 79' lang='lat' dir='ltr'>latinius,</span> <span class='ocrx_word' id='word_1_193' title='bbox 1462 659 1527 693; x_wconf 76' lang='lat'>182,</span> <span class='ocrx_word' id='word_1_194' title='bbox 1547 659 1610 687; x_wconf 89' lang='lat'>185.</span> 
     </span>
    </p>

    <p class='ocr_par' dir='ltr' id='par_1_51' title="bbox 1015 708 1751 797">
     <span class='ocr_line' id='line_1_60' title="bbox 1015 708 1751 747; baseline 0.003 -11"><span class='ocrx_word' id='word_1_195' title='bbox 1015 708 1118 743; x_wconf 82' lang='lat' dir='ltr'>Hume,</span> <span class='ocrx_word' id='word_1_196' title='bbox 1144 709 1245 745; x_wconf 76' lang='lat' dir='ltr'>Home,</span> <span class='ocrx_word' id='word_1_197' title='bbox 1272 709 1436 737; x_wconf 82' lang='lat' dir='ltr'>Alexander</span> <span class='ocrx_word' id='word_1_198' title='bbox 1463 709 1600 746; x_wconf 76' lang='lat' dir='ltr'>dominus,</span> <span class='ocrx_word' id='word_1_199' title='bbox 1632 720 1751 747; x_wconf 76' lang='lat' dir='ltr'>magnus</span> 
     </span>
     <span class='ocr_line' id='line_1_61' title="bbox 1053 760 1490 797; baseline 0.005 -9"><span class='ocrx_word' id='word_1_200' title='bbox 1053 760 1224 789; x_wconf 83' lang='lat' dir='ltr'>camerarius</span> <span class='ocrx_word' id='word_1_201' title='bbox 1239 760 1344 796; x_wconf 72' lang='lat' dir='ltr'>scocie,</span> <span class='ocrx_word' id='word_1_202' title='bbox 1361 764 1407 797; x_wconf 81' lang='lat'>77,</span> <span class='ocrx_word' id='word_1_203' title='bbox 1424 762 1490 790; x_wconf 87' lang='lat'>326.</span> 
     </span>
    </p>

    <p class='ocr_par' dir='ltr' id='par_1_52' title="bbox 1107 811 1459 848">
     <span class='ocr_line' id='line_1_62' title="bbox 1107 811 1459 848; baseline 0.006 -9"><span class='ocrx_word' id='word_1_204' title='bbox 1107 811 1234 848; x_wconf 84' lang='lat' dir='ltr'>Alisona,</span> <span class='ocrx_word' id='word_1_205' title='bbox 1251 813 1314 841; x_wconf 80' lang='lat' dir='ltr'>vide</span> <span class='ocrx_word' id='word_1_206' title='bbox 1329 813 1459 841; x_wconf 86' lang='lat' dir='ltr'>Sinclair.</span> 
     </span>
    </p>
   </div>
   <div class='ocr_carea' id='block_1_22' title="bbox 1013 828 1092 835">
    <p class='ocr_par' dir='ltr' id='par_1_53' title="bbox 1013 828 1092 835">
     <span class='ocr_line' id='line_1_63' title="bbox 1013 828 1092 835; baseline 0 0"><span class='ocrx_word' id='word_1_207' title='bbox 1013 828 1092 835; x_wconf 95' lang='lat' dir='ltr'> </span> 
     </span>
    </p>
   </div>
   <div class='ocr_carea' id='block_1_23' title="bbox 1013 863 1749 1057">
    <p class='ocr_par' dir='ltr' id='par_1_54' title="bbox 1013 863 1438 902">
     <span class='ocr_line' id='line_1_64' title="bbox 1013 863 1438 902; baseline 0.007 -12"><span class='ocrx_word' id='word_1_208' title='bbox 1013 879 1092 885; x_wconf 75' lang='lat'>—--</span> <span class='ocrx_word' id='word_1_209' title='bbox 1108 863 1212 899; x_wconf 85' lang='lat' dir='ltr'>Dauid,</span> <span class='ocrx_word' id='word_1_210' title='bbox 1228 864 1438 902; x_wconf 83' lang='lat' dir='ltr'>hospitularius.</span> 
     </span>
    </p>

    <p class='ocr_par' dir='ltr' id='par_1_55' title="bbox 1014 915 1686 954">
     <span class='ocr_line' id='line_1_65' title="bbox 1014 915 1686 954; baseline 0.006 -11"><span class='ocrx_word' id='word_1_211' title='bbox 1014 915 1136 952; x_wconf 90' lang='lat' dir='ltr'>Huuter,</span> <span class='ocrx_word' id='word_1_212' title='bbox 1153 916 1289 953; x_wconf 82' lang='lat' dir='ltr'>magister</span> <span class='ocrx_word' id='word_1_213' title='bbox 1302 921 1331 945; x_wconf 79' lang='lat' dir='ltr'>et</span> <span class='ocrx_word' id='word_1_214' title='bbox 1345 917 1474 946; x_wconf 86' lang='lat' dir='ltr'>dominus</span> <span class='ocrx_word' id='word_1_215' title='bbox 1489 918 1622 954; x_wconf 78' lang='lat' dir='ltr'>Jacobus,</span> <span class='ocrx_word' id='word_1_216' title='bbox 1640 920 1686 947; x_wconf 78' lang='grc'>89.</span> 
     </span>
    </p>

    <p class='ocr_par' dir='ltr' id='par_1_56' title="bbox 1013 967 1749 1057">
     <span class='ocr_line' id='line_1_66' title="bbox 1013 967 1749 1008; baseline 0.007 -13"><span class='ocrx_word' id='word_1_217' title='bbox 1013 967 1142 1004; x_wconf 84' lang='lat' dir='ltr'>Huntlie,</span> <span class='ocrx_word' id='word_1_218' title='bbox 1156 968 1320 998; x_wconf 80' lang='lat' dir='ltr'>Alexander</span> <span class='ocrx_word' id='word_1_219' title='bbox 1335 979 1427 999; x_wconf 75' lang='lat' dir='ltr'>comes</span> <span class='ocrx_word' id='word_1_220' title='bbox 1438 970 1481 1007; x_wconf 83' lang='lat' dir='ltr'>de,</span> <span class='ocrx_word' id='word_1_221' title='bbox 1494 971 1624 999; x_wconf 78' lang='lat' dir='ltr'>dominus</span> <span class='ocrx_word' id='word_1_222' title='bbox 1639 971 1749 1008; x_wconf 87' lang='lat' dir='ltr'>Badye-</span> 
     </span>
     <span class='ocr_line' id='line_1_67' title="bbox 1054 1020 1219 1057; baseline 0.012 -9"><span class='ocrx_word' id='word_1_223' title='bbox 1054 1020 1134 1057; x_wconf 89' lang='lat' dir='ltr'>noch,</span> <span class='ocrx_word' id='word_1_224' title='bbox 1151 1022 1219 1050; x_wconf 88' lang='grc'>289.</span> 
     </span>
    </p>
   </div>
   <div class='ocr_carea' id='block_1_24' title="bbox 1006 1178 1742 2203">
    <p class='ocr_par' dir='ltr' id='par_1_57' title="bbox 1013 1178 1451 1217">
     <span class='ocr_line' id='line_1_68' title="bbox 1013 1178 1451 1217; baseline 0.007 -12"><span class='ocrx_word' id='word_1_225' title='bbox 1013 1178 1148 1214; x_wconf 85' lang='lat' dir='ltr'>Ilestoun,</span> <span class='ocrx_word' id='word_1_226' title='bbox 1165 1181 1226 1208; x_wconf 73' lang='lat' dir='ltr'>vide</span> <span class='ocrx_word' id='word_1_227' title='bbox 1241 1179 1451 1217; x_wconf 86' lang='lat' dir='ltr'>Elvynystoun.</span> 
     </span>
    </p>

    <p class='ocr_par' dir='ltr' id='par_1_58' title="bbox 1014 1230 1415 1266">
     <span class='ocr_line' id='line_1_69' title="bbox 1014 1230 1415 1266; baseline 0.007 -9"><span class='ocrx_word' id='word_1_228' title='bbox 1014 1230 1154 1265; x_wconf 81' lang='lat' dir='ltr'>Inchstur,</span> <span class='ocrx_word' id='word_1_229' title='bbox 1171 1231 1294 1259; x_wconf 79' lang='lat' dir='ltr'>vicarius</span> <span class='ocrx_word' id='word_1_230' title='bbox 1308 1231 1352 1266; x_wconf 85' lang='lat' dir='ltr'>de,</span> <span class='ocrx_word' id='word_1_231' title='bbox 1369 1233 1415 1261; x_wconf 89' lang='grc'>78.</span> 
     </span>
    </p>

    <p class='ocr_par' dir='ltr' id='par_1_59' title="bbox 1012 1281 1420 1319">
     <span class='ocr_line' id='line_1_70' title="bbox 1012 1281 1420 1319; baseline 0.005 -10"><span class='ocrx_word' id='word_1_232' title='bbox 1012 1281 1143 1317; x_wconf 86' lang='lat' dir='ltr'>Inchtok,</span> <span class='ocrx_word' id='word_1_233' title='bbox 1159 1283 1337 1319; x_wconf 80' lang='lat' dir='ltr'>Franciscus,</span> <span class='ocrx_word' id='word_1_234' title='bbox 1354 1285 1420 1312; x_wconf 84' lang='lat'>264.</span> 
     </span>
    </p>

    <p class='ocr_par' dir='ltr' id='par_1_60' title="bbox 1012 1334 1508 1371">
     <span class='ocr_line' id='line_1_71' title="bbox 1012 1334 1508 1371; baseline 0.004 -10"><span class='ocrx_word' id='word_1_235' title='bbox 1012 1334 1191 1371; x_wconf 81' lang='lat' dir='ltr'>Ingalstoun,</span> <span class='ocrx_word' id='word_1_236' title='bbox 1209 1339 1281 1363; x_wconf 85' lang='lat' dir='ltr'>terre</span> <span class='ocrx_word' id='word_1_237' title='bbox 1296 1335 1340 1369; x_wconf 90' lang='lat' dir='ltr'>de,</span> <span class='ocrx_word' id='word_1_238' title='bbox 1357 1336 1424 1371; x_wconf 88' lang='grc'>314,</span> <span class='ocrx_word' id='word_1_239' title='bbox 1441 1337 1508 1365; x_wconf 85' lang='lat'>315.</span> 
     </span>
    </p>

    <p class='ocr_par' dir='ltr' id='par_1_61' title="bbox 1012 1385 1688 1425">
     <span class='ocr_line' id='line_1_72' title="bbox 1012 1385 1688 1425; baseline 0.006 -12"><span class='ocrx_word' id='word_1_240' title='bbox 1012 1385 1111 1422; x_wconf 84' lang='lat' dir='ltr'>Inglis,</span> <span class='ocrx_word' id='word_1_241' title='bbox 1130 1386 1239 1423; x_wconf 71' lang='lat' dir='ltr'>Yngfis,</span> <span class='ocrx_word' id='word_1_242' title='bbox 1255 1386 1426 1424; x_wconf 84' lang='lat' dir='ltr'>Alexander,</span> <span class='ocrx_word' id='word_1_243' title='bbox 1443 1387 1475 1416; x_wconf 88' lang='lat' dir='ltr'>of</span> <span class='ocrx_word' id='word_1_244' title='bbox 1487 1388 1605 1425; x_wconf 79' lang='lat' dir='ltr'>Stratyr,</span> <span class='ocrx_word' id='word_1_245' title='bbox 1624 1390 1688 1417; x_wconf 85' lang='lat'>115.</span> 
     </span>
    </p>

    <p class='ocr_par' dir='ltr' id='par_1_62' title="bbox 1103 1437 1559 1475">
     <span class='ocr_line' id='line_1_73' title="bbox 1103 1437 1559 1475; baseline 0.007 -10"><span class='ocrx_word' id='word_1_246' title='bbox 1103 1437 1259 1474; x_wconf 85' lang='lat' dir='ltr'>Cornelius,</span> <span class='ocrx_word' id='word_1_247' title='bbox 1276 1438 1352 1467; x_wconf 89' lang='lat' dir='ltr'>filius</span> <span class='ocrx_word' id='word_1_248' title='bbox 1365 1439 1476 1475; x_wconf 82' lang='lat' dir='ltr'>Jacobi,</span> <span class='ocrx_word' id='word_1_249' title='bbox 1495 1441 1559 1468; x_wconf 85' lang='lat'>150.</span> 
     </span>
    </p>

    <p class='ocr_par' dir='ltr' id='par_1_63' title="bbox 1102 1489 1728 1529">
     <span class='ocr_line' id='line_1_74' title="bbox 1102 1489 1728 1529; baseline 0.003 -11"><span class='ocrx_word' id='word_1_250' title='bbox 1102 1489 1236 1526; x_wconf 77' lang='lat' dir='ltr'>Jacob11s,</span> <span class='ocrx_word' id='word_1_251' title='bbox 1252 1491 1400 1527; x_wconf 82' lang='lat' dir='ltr'>burgensis</span> <span class='ocrx_word' id='word_1_252' title='bbox 1414 1491 1448 1519; x_wconf 88' lang='lat' dir='ltr'>de</span> <span class='ocrx_word' id='word_1_253' title='bbox 1464 1491 1644 1529; x_wconf 66' lang='lat' dir='ltr'>Edffiburgh,</span> <span class='ocrx_word' id='word_1_254' title='bbox 1663 1494 1728 1522; x_wconf 76' lang='lat'>1:30.</span> 
     </span>
    </p>

    <p class='ocr_par' dir='ltr' id='par_1_64' title="bbox 1009 1541 1319 1578">
     <span class='ocr_line' id='line_1_75' title="bbox 1009 1541 1319 1578; baseline 0.006 -10"><span class='ocrx_word' id='word_1_255' title='bbox 1009 1557 1088 1562; x_wconf 85' lang='lat'><strong>—</strong></span> <span class='ocrx_word' id='word_1_256' title='bbox 1103 1541 1236 1578; x_wconf 85' lang='lat' dir='ltr'>Thomas,</span> <span class='ocrx_word' id='word_1_257' title='bbox 1254 1542 1319 1570; x_wconf 87' lang='lat'>131.</span> 
     </span>
    </p>

    <p class='ocr_par' dir='ltr' id='par_1_65' title="bbox 1010 1593 1628 1632">
     <span class='ocr_line' id='line_1_76' title="bbox 1010 1593 1628 1632; baseline 0.005 -11"><span class='ocrx_word' id='word_1_258' title='bbox 1010 1606 1089 1613; x_wconf 36' lang='grc' dir='ltr'>Η-</span> <span class='ocrx_word' id='word_1_259' title='bbox 1105 1593 1238 1628; x_wconf 82' lang='lat' dir='ltr'>Thomas,</span> <span class='ocrx_word' id='word_1_260' title='bbox 1254 1594 1287 1622; x_wconf 88' lang='lat' dir='ltr'>de</span> <span class='ocrx_word' id='word_1_261' title='bbox 1302 1594 1545 1632; x_wconf 85' lang='lat' dir='ltr'>Murthowstown,</span> <span class='ocrx_word' id='word_1_262' title='bbox 1562 1597 1628 1624; x_wconf 90' lang='grc'>319,</span> 
     </span>
    </p>

    <p class='ocr_par' dir='ltr' id='par_1_66' title="bbox 1009 1645 1535 1682">
     <span class='ocr_line' id='line_1_77' title="bbox 1009 1645 1535 1682; baseline 0.006 -10"><span class='ocrx_word' id='word_1_263' title='bbox 1009 1661 1089 1665; x_wconf 75' lang='lat'>—-</span> <span class='ocrx_word' id='word_1_264' title='bbox 1104 1645 1236 1681; x_wconf 81' lang='lat' dir='ltr'>Thomas,</span> <span class='ocrx_word' id='word_1_265' title='bbox 1253 1645 1327 1674; x_wconf 82' lang='lat' dir='ltr'>filius</span> <span class='ocrx_word' id='word_1_266' title='bbox 1341 1646 1452 1682; x_wconf 81' lang='lat' dir='ltr'>Jacobi,</span> <span class='ocrx_word' id='word_1_267' title='bbox 1470 1648 1535 1675; x_wconf 82' lang='lat'>150.</span> 
     </span>
    </p>

    <p class='ocr_par' dir='ltr' id='par_1_67' title="bbox 1010 1697 1521 1778">
     <span class='ocr_line' id='line_1_78' title="bbox 1010 1697 1521 1734; baseline 0.006 -10"><span class='ocrx_word' id='word_1_268' title='bbox 1010 1713 1083 1717; x_wconf 90' lang='lat'>——</span> <span class='ocrx_word' id='word_1_269' title='bbox 1103 1697 1272 1734; x_wconf 85' lang='lat' dir='ltr'>Willelmus,</span> <span class='ocrx_word' id='word_1_270' title='bbox 1308 1697 1453 1727; x_wconf 83' lang='lat' dir='ltr'>seriandus</span> <span class='ocrx_word' id='word_1_271' title='bbox 1487 1699 1521 1727; x_wconf 89' lang='lat' dir='ltr'>de</span> 
     </span>
     <span class='ocr_line' id='line_1_79' title="bbox 1051 1750 1117 1778; baseline 0.015 -2"><span class='ocrx_word' id='word_1_272' title='bbox 1051 1750 1117 1778; x_wconf 80' lang='lat'>154.</span> 
     </span>
    </p>

    <p class='ocr_par' dir='ltr' id='par_1_68' title="bbox 1010 1800 1742 1888">
     <span class='ocr_line' id='line_1_80' title="bbox 1010 1800 1742 1840; baseline 0.007 -12"><span class='ocrx_word' id='word_1_273' title='bbox 1010 1800 1229 1836; x_wconf 84' lang='lat' dir='ltr'>[nnerlethame,</span> <span class='ocrx_word' id='word_1_274' title='bbox 1252 1801 1446 1838; x_wconf 87' lang='lat' dir='ltr'>Innerlethan,</span> <span class='ocrx_word' id='word_1_275' title='bbox 1471 1802 1679 1840; x_wconf 82' lang='lat' dir='ltr'>Innerlethane,</span> <span class='ocrx_word' id='word_1_276' title='bbox 1696 1805 1742 1839; x_wconf 86' lang='lat'>54,</span> 
     </span>
     <span class='ocr_line' id='line_1_81' title="bbox 1049 1854 1262 1888; baseline -0.005 -7"><span class='ocrx_word' id='word_1_277' title='bbox 1049 1854 1096 1888; x_wconf 85' lang='lat'>83,</span> <span class='ocrx_word' id='word_1_278' title='bbox 1114 1854 1179 1888; x_wconf 87' lang='lat'>101,</span> <span class='ocrx_word' id='word_1_279' title='bbox 1198 1854 1262 1881; x_wconf 84' lang='lat'>107.</span> 
     </span>
    </p>

    <p class='ocr_par' dir='ltr' id='par_1_69' title="bbox 1101 1904 1602 1942">
     <span class='ocr_line' id='line_1_82' title="bbox 1101 1904 1602 1942; baseline 0.004 -9"><span class='ocrx_word' id='word_1_280' title='bbox 1101 1904 1162 1933; x_wconf 89' lang='lat' dir='ltr'>Our</span> <span class='ocrx_word' id='word_1_281' title='bbox 1175 1904 1257 1942; x_wconf 81' lang='lat' dir='ltr'>Lady</span> <span class='ocrx_word' id='word_1_282' title='bbox 1272 1905 1355 1933; x_wconf 88' lang='lat' dir='ltr'>Land</span> <span class='ocrx_word' id='word_1_283' title='bbox 1369 1905 1407 1941; x_wconf 89' lang='lat' dir='ltr'>in,</span> <span class='ocrx_word' id='word_1_284' title='bbox 1424 1905 1485 1934; x_wconf 79' lang='lat' dir='ltr'>vide</span> <span class='ocrx_word' id='word_1_285' title='bbox 1498 1906 1602 1935; x_wconf 82' lang='lat' dir='ltr'>Peblis.</span> 
     </span>
    </p>

    <p class='ocr_par' dir='ltr' id='par_1_70' title="bbox 1101 1956 1488 1992">
     <span class='ocr_line' id='line_1_83' title="bbox 1101 1956 1488 1992; baseline 0.005 -8"><span class='ocrx_word' id='word_1_286' title='bbox 1101 1956 1224 1985; x_wconf 79' lang='lat' dir='ltr'>vicarius</span> <span class='ocrx_word' id='word_1_287' title='bbox 1238 1956 1281 1992; x_wconf 89' lang='lat' dir='ltr'>de,</span> <span class='ocrx_word' id='word_1_288' title='bbox 1296 1956 1359 1985; x_wconf 81' lang='lat' dir='ltr'>vide</span> <span class='ocrx_word' id='word_1_289' title='bbox 1373 1956 1488 1986; x_wconf 79' lang='lat' dir='ltr'>Gifferd.</span> 
     </span>
    </p>

    <p class='ocr_par' dir='ltr' id='par_1_71' title="bbox 1101 2008 1304 2037">
     <span class='ocr_line' id='line_1_84' title="bbox 1101 2008 1304 2037; baseline 0 -1"><span class='ocrx_word' id='word_1_290' title='bbox 1101 2008 1163 2037; x_wconf 80' lang='lat' dir='ltr'>vide</span> <span class='ocrx_word' id='word_1_291' title='bbox 1177 2008 1304 2037; x_wconf 63' lang='lat' dir='ltr'>lValkar.</span> 
     </span>
    </p>

    <p class='ocr_par' dir='ltr' id='par_1_72' title="bbox 1007 2060 1492 2098">
     <span class='ocr_line' id='line_1_85' title="bbox 1007 2060 1492 2098; baseline 0.004 -10"><span class='ocrx_word' id='word_1_292' title='bbox 1007 2061 1095 2096; x_wconf 86' lang='lat' dir='ltr'>Iunis,</span> <span class='ocrx_word' id='word_1_293' title='bbox 1112 2060 1247 2098; x_wconf 82' lang='lat' dir='ltr'>magister</span> <span class='ocrx_word' id='word_1_294' title='bbox 1260 2060 1409 2098; x_wconf 87' lang='lat' dir='ltr'>Robertus,</span> <span class='ocrx_word' id='word_1_295' title='bbox 1427 2063 1492 2090; x_wconf 90' lang='lat'>135.</span> 
     </span>
    </p>

    <p class='ocr_par' dir='ltr' id='par_1_73' title="bbox 1006 2112 1739 2203">
     <span class='ocr_line' id='line_1_86' title="bbox 1006 2112 1739 2152; baseline 0.005 -12"><span class='ocrx_word' id='word_1_296' title='bbox 1006 2112 1113 2149; x_wconf 85' lang='lat' dir='ltr'>Irland,</span> <span class='ocrx_word' id='word_1_297' title='bbox 1133 2113 1288 2149; x_wconf 81' lang='lat' dir='ltr'>Johannes,</span> <span class='ocrx_word' id='word_1_298' title='bbox 1309 2123 1383 2142; x_wconf 85' lang='lat' dir='ltr'>vnus</span> <span class='ocrx_word' id='word_1_299' title='bbox 1406 2113 1576 2143; x_wconf 85' lang='lat' dir='ltr'>balliuorum</span> <span class='ocrx_word' id='word_1_300' title='bbox 1601 2115 1683 2152; x_wconf 85' lang='lat' dir='ltr'>burgi</span> <span class='ocrx_word' id='word_1_301' title='bbox 1705 2115 1739 2144; x_wconf 84' lang='lat' dir='ltr'>de</span> 
     </span>
     <span class='ocr_line' id='line_1_87' title="bbox 1046 2165 1391 2203; baseline 0.006 -10"><span class='ocrx_word' id='word_1_302' title='bbox 1046 2165 1224 2203; x_wconf 86' lang='lat' dir='ltr'>Edinburgh,</span> <span class='ocrx_word' id='word_1_303' title='bbox 1241 2166 1308 2202; x_wconf 91' lang='lat'>264,</span> <span class='ocrx_word' id='word_1_304' title='bbox 1325 2166 1391 2195; x_wconf 89' lang='grc'>265.</span> 
     </span>
    </p>
   </div>
   <div class='ocr_carea' id='block_1_25' title="bbox 1010 1453 1088 1460">
    <p class='ocr_par' dir='ltr' id='par_1_74' title="bbox 1010 1453 1088 1460">
     <span class='ocr_line' id='line_1_88' title="bbox 1010 1453 1088 1460; baseline 0 0"><span class='ocrx_word' id='word_1_305' title='bbox 1010 1453 1088 1460; x_wconf 95' lang='lat' dir='ltr'> </span> 
     </span>
    </p>
   </div>
   <div class='ocr_carea' id='block_1_26' title="bbox 1010 1505 1087 1512">
    <p class='ocr_par' dir='ltr' id='par_1_75' title="bbox 1010 1505 1087 1512">
     <span class='ocr_line' id='line_1_89' title="bbox 1010 1505 1087 1512; baseline 0 0"><span class='ocrx_word' id='word_1_306' title='bbox 1010 1505 1087 1512; x_wconf 95' lang='lat' dir='ltr'> </span> 
     </span>
    </p>
   </div>
   <div class='ocr_carea' id='block_1_27' title="bbox 1563 1699 1744 1737">
    <p class='ocr_par' dir='ltr' id='par_1_76' title="bbox 1563 1699 1744 1737">
     <span class='ocr_line' id='line_1_90' title="bbox 1563 1699 1744 1737; baseline 0.006 -10"><span class='ocrx_word' id='word_1_307' title='bbox 1563 1699 1744 1737; x_wconf 86' lang='lat' dir='ltr'>Ediuburgh,</span> 
     </span>
    </p>
   </div>
   <div class='ocr_carea' id='block_1_28' title="bbox 1008 1920 1087 1927">
    <p class='ocr_par' dir='ltr' id='par_1_77' title="bbox 1008 1920 1087 1927">
     <span class='ocr_line' id='line_1_91' title="bbox 1008 1920 1087 1927; baseline 0 0"><span class='ocrx_word' id='word_1_308' title='bbox 1008 1920 1087 1927; x_wconf 95' lang='lat' dir='ltr'> </span> 
     </span>
    </p>
   </div>
   <div class='ocr_carea' id='block_1_29' title="bbox 1007 1971 1087 1978">
    <p class='ocr_par' dir='ltr' id='par_1_78' title="bbox 1007 1971 1087 1978">
     <span class='ocr_line' id='line_1_92' title="bbox 1007 1971 1087 1978; baseline 0 0"><span class='ocrx_word' id='word_1_309' title='bbox 1007 1971 1087 1978; x_wconf 95' lang='lat' dir='ltr'> </span> 
     </span>
    </p>
   </div>
   <div class='ocr_carea' id='block_1_30' title="bbox 1007 2024 1086 2030">
    <p class='ocr_par' dir='ltr' id='par_1_79' title="bbox 1007 2024 1086 2030">
     <span class='ocr_line' id='line_1_93' title="bbox 1007 2024 1086 2030; baseline 0 0"><span class='ocrx_word' id='word_1_310' title='bbox 1007 2024 1086 2030; x_wconf 95' lang='lat' dir='ltr'> </span> 
     </span>
    </p>
   </div>
   <div class='ocr_carea' id='block_1_31' title="bbox 1003 2321 1736 2460">
    <p class='ocr_par' dir='ltr' id='par_1_80' title="bbox 1003 2321 1736 2460">
     <span class='ocr_line' id='line_1_94' title="bbox 1003 2321 1736 2360; baseline 0.007 -11"><span class='ocrx_word' id='word_1_311' title='bbox 1003 2321 1130 2356; x_wconf 79' lang='lat' dir='ltr'>Jambes,</span> <span class='ocrx_word' id='word_1_312' title='bbox 1142 2321 1287 2355; x_wconf 80' lang='lat' dir='ltr'>Ricardus,</span> <span class='ocrx_word' id='word_1_313' title='bbox 1300 2325 1420 2350; x_wconf 80' lang='lat' dir='ltr'>sectator</span> <span class='ocrx_word' id='word_1_314' title='bbox 1431 2322 1545 2352; x_wconf 86' lang='lat' dir='ltr'>baronie</span> <span class='ocrx_word' id='word_1_315' title='bbox 1557 2324 1590 2353; x_wconf 84' lang='lat' dir='ltr'>de</span> <span class='ocrx_word' id='word_1_316' title='bbox 1603 2325 1736 2360; x_wconf 72' lang='lat' dir='ltr'>chmde,</span> 
     </span>
     <span class='ocr_line' id='line_1_95' title="bbox 1044 2373 1091 2400; baseline 0 0"><span class='ocrx_word' id='word_1_317' title='bbox 1044 2373 1091 2400; x_wconf 89' lang='lat'>39.</span> 
     </span>
     <span class='ocr_line' id='line_1_96' title="bbox 1003 2424 1368 2460; baseline 0 -8"><span class='ocrx_word' id='word_1_318' title='bbox 1003 2424 1125 2460; x_wconf 84' lang='lat' dir='ltr'>Jauitor,</span> <span class='ocrx_word' id='word_1_319' title='bbox 1143 2425 1244 2460; x_wconf 78' lang='lat' dir='ltr'>Adam,</span> <span class='ocrx_word' id='word_1_320' title='bbox 1261 2427 1309 2453; x_wconf 75' lang='lat'>41.</span> <span class='ocrx_word' id='word_1_321' title='bbox 1366 2446 1368 2448; x_wconf 49' lang='grc'>,</span> 
     </span>
    </p>
   </div>
  </div>
 </body>
</html>
