2147 2964
120 2215 178 2253 39.

767 283 956 322 DOMUS
982 283 1054 320 DE
1083 283 1299 321 SOLTRE.
1773 286 1820 319 33

248 384 391 420 vencllo
410 384 593 431 quondam
613 383 796 419 Johannis
815 383 944 419 Frowe
972 389 1008 418 ct
1035 383 1216 430 quondam
1239 382 1391 418 Roberti
1419 381 1464 417 de
1489 382 1546 430 By
1564 382 1661 417 inter
1680 388 1815 418 terram

246 452 397 488 Roberti
412 451 540 488 Frowe
560 464 604 488 ex
617 465 689 487 vna
707 458 811 499 parte
831 458 866 487 et
885 457 1020 487 terram
1039 463 1157 486 meam
1177 463 1220 486 ex
1240 450 1357 486 altera
1371 471 1378 478 ·
1396 450 1576 485 Tenenda
1592 456 1628 486 et
1647 450 1815 487 habenda

243 520 412 568 prodistis
439 520 611 556 fratribus
638 526 674 556 ct
698 532 825 555 eorum
851 518 1108 555 suecessoribus
1135 519 1173 554 in
1202 519 1354 554 liberam
1382 531 1511 566 puram
1539 525 1575 555 et
1598 524 1812 566 perpetuam

243 586 466 622 elimosinam
485 586 578 622 bene
597 592 634 622 et
652 586 690 622 in
710 599 800 633 pace
827 586 1092 634 imperpetuum
1112 587 1204 622 adeo
1222 586 1336 622 libere
1356 587 1478 633 quiete
1498 586 1587 622 ficut
1607 593 1708 623 carta
1727 587 1811 622 dieti

242 653 398 690 Walteri
417 654 461 689 de
483 653 602 691 Soltre
629 654 778 689 liberius
806 654 969 701 quiecius
996 654 1161 690 eonfeaa
1188 654 1360 701 prcdiffis
1387 654 1562 690 fratribus
1584 655 1711 690 melius
1730 668 1810 704 pro-

239 727 362 768 portat
389 729 425 757 et
451 722 603 758 testatur
622 743 629 750 ·
652 721 850 758 Sciendum
879 733 966 756 vcro
993 722 1091 769 quod
1119 722 1144 757 fi
1173 734 1241 769 ego
1269 729 1331 758 aut
1363 722 1517 758 heredes
1545 723 1615 758 mei
1647 724 1685 758 in
1718 724 1812 759 dista

240 795 340 825 terra
358 794 488 825 contra
504 788 601 825 hanc
620 789 780 837 quietam
800 789 1061 826 clainacionem
1079 790 1118 826 in
1138 790 1260 837 aliquo
1279 791 1359 826 foro
1378 790 1619 827 ecclesiastico
1639 792 1699 827 seu
1718 792 1814 827 secu-

239 857 308 893 lari
327 857 548 893 mouerimus
567 857 792 905 questionem
813 863 876 893 aut
894 857 1043 904 aliquod
1069 859 1123 894 ius
1146 859 1251 894 nobis
1270 859 1466 895 vendicare
1488 859 1709 896 voluerimus
1729 867 1813 897 ante

238 925 311 961 litis
328 925 522 973 ingressum
537 926 709 974 predictis
726 926 898 962 fratribus
918 926 963 962 (10
980 926 1100 963 Soltre
1120 927 1245 963 decem
1264 927 1377 963 libras
1403 928 1547 975 argenti
1566 928 1813 975 persoluemus

238 993 385 1028 nomine
412 1006 506 1041 pene
526 1014 533 1021 ·
552 994 614 1029 Ad
640 993 746 1029 istam
774 994 923 1041 quidem
951 995 1112 1041 quietam
1144 995 1408 1031 clamacionem
1436 996 1510 1031 fine
1541 996 1638 1031 malo
1665 997 1812 1044 ingenio

236 1061 395 1098 fideliter
424 1061 688 1098 obseruandam
721 1063 828 1099 tactis
864 1062 1096 1098 sacrosanais
1129 1062 1340 1109 ewangeliis
1372 1075 1430 1097 me
1462 1068 1498 1098 et
1528 1063 1682 1098 heredes
1714 1076 1812 1099 meos

237 1129 399 1177 obligaui
426 1130 649 1165 renuncians
677 1130 776 1165 omni
804 1130 1035 1166 cauillacioni
1063 1137 1099 1166 et
1127 1131 1343 1178 excepcioni
1370 1132 1431 1167 seu
1457 1131 1526 1166 fori
1554 1132 1748 1180 priuilegio
1777 1139 1811 1168 et

237 1198 403 1233 omnibus
431 1198 548 1234 literis
576 1198 779 1246 impetratis
811 1198 883 1234 siue
915 1199 1156 1246 impetrandis
1189 1205 1225 1234 et
1256 1199 1356 1234 omni
1387 1199 1475 1234 iuris
1504 1200 1665 1235 remedio
1687 1222 1694 1230 ·
1720 1201 1811 1236 subi-

237 1266 367 1301 ciendo
384 1278 441 1301 me
461 1272 497 1301 et
521 1266 675 1302 heredes
702 1279 802 1302 meos
830 1267 1077 1302 iurisdiccioni
1104 1267 1243 1302 domini
1271 1267 1522 1303 archidiaconi
1543 1268 1733 1304 Laudonie
1754 1269 1811 1304 vel

238 1334 315 1369 eius
334 1334 498 1369 officialis
517 1334 580 1381 qui
607 1347 673 1381 pro
697 1340 862 1382 tempore
889 1334 1027 1370 fuerint
1054 1335 1153 1382 quod
1179 1335 1309 1383 postint
1328 1348 1394 1370 nos
1422 1336 1467 1370 ad
1487 1335 1580 1372 diae
1600 1337 1722 1383 quiete
1742 1339 1811 1373 cla-

238 1402 415 1438 macionis
441 1403 715 1438 obseruanciam
745 1409 780 1439 et
807 1403 854 1438 ad
880 1416 972 1451 pene
1000 1403 1221 1438 solucionem
1250 1403 1455 1439 faciendam
1480 1403 1505 1438 fi
1532 1404 1672 1440 necefl'e
1699 1405 1810 1441 fuerit

238 1470 311 1506 fine
341 1470 492 1518 strepitu
521 1471 683 1506 iudiciali
716 1471 936 1519 compellere
957 1493 964 1500 -
984 1471 1028 1506 In
1061 1474 1163 1506 cuius
1194 1472 1247 1506 rei
1279 1471 1527 1507 testimonium
1557 1472 1643 1507 huic
1674 1472 1808 1520 scripto

238 1538 392 1587 sigillum
421 1552 538 1574 meum
567 1540 715 1587 apposui
746 1552 901 1576 vnacum
926 1539 1039 1587 sigillo
1067 1539 1203 1575 domini
1231 1540 1371 1575 abbatis
1399 1541 1443 1575 (10
1468 1540 1602 1576 Sancta
1623 1540 1743 1577 Cruce
1763 1542 1808 1578 de

238 1606 467 1655 Edyuburgh
491 1608 553 1654 qui
580 1608 649 1644 fuit
679 1608 938 1643 commissarius
965 1608 1002 1643 in
1031 1608 1138 1643 causa
1163 1614 1262 1643 mota
1288 1608 1385 1643 inter
1403 1608 1518 1643 dictos
1544 1608 1676 1643 fratres
1695 1614 1731 1644 et
1749 1622 1806 1644 me

237 1675 342 1723 super
360 1675 524 1722 predicta
550 1681 649 1711 terra
676 1677 738 1723 qui
766 1677 813 1712 ad
840 1675 1055 1712 instanciam
1083 1682 1118 1712 et
1145 1676 1365 1723 peticionem
1392 1689 1510 1711 meam
1537 1676 1606 1712 hoc
1632 1677 1805 1724 scriptum

236 1743 390 1791 signauit
409 1749 445 1779 et
464 1756 546 1779 cum
570 1744 686 1792 sigillo
706 1744 843 1780 domini
861 1745 1044 1781 Johannis
1063 1744 1231 1780 Marchel
1258 1745 1303 1780 de
1323 1745 1422 1780 Keth
1442 1745 1539 1792 quod
1557 1745 1627 1780 feci
1647 1746 1780 1793 apponi
1797 1768 1803 1774 -

235 1811 306 1847 hiis
338 1812 488 1847 testibus
518 1812 692 1860 magistro
719 1813 844 1849 Alano
874 1814 918 1849 de
947 1813 1162 1860 Tracquare
1194 1814 1343 1849 domino
1370 1814 1629 1850 Bertholomeo
1656 1816 1805 1851 domino

237 1879 406 1916 Gilberto
434 1880 581 1915 domino
610 1880 755 1916 Thoma
784 1881 983 1929 capellanis
1012 1881 1056 1916 de
1088 1881 1206 1917 Soltre
1226 1882 1345 1917 Adam
1366 1874 1524 1917 filio'filii
1543 1882 1700 1931 Philippi
1720 1883 1804 1919 Phi-

235 1948 335 1995 lippo
354 1948 399 1983 de
419 1948 558 1984 Redale
578 1948 815 1997 burgensibus
834 1949 879 1985 de
901 1948 1059 1996 Berwyk
1079 1955 1115 1985 et
1133 1949 1225 1985 aliis.

238 2095 351 2133 Carta
363 2096 656 2133 confirmacionis
669 2097 818 2133 ecclesie
832 2097 876 2133 de
886 2096 988 2133 Orde
998 2110 1064 2145 per
1075 2097 1301 2133 'Willelmum
1313 2098 1516 2146 episcopum
1531 2098 1802 2148 Glasguensem.

240 2199 434 2255 Omnibus
468 2217 605 2254 Christi
635 2218 804 2254 fidelibus
832 2219 902 2254 hoc
932 2219 1105 2267 scriptum
1138 2221 1266 2256 visuris
1295 2221 1354 2257 vol
1387 2222 1566 2258 audituris
1595 2223 1802 2260 Willelmus

233 2285 470 2321 miseracione
497 2285 624 2321 diuina
650 2286 800 2322 eoeleste
828 2286 1060 2335 Glasguenfis
1087 2289 1251 2325 minister
1278 2291 1426 2327 salutem
1453 2292 1490 2327 in
1515 2291 1677 2328 Domino
1699 2314 1707 2321 ·
1727 2294 1802 2329 No-

236 2353 330 2389 uerit
349 2354 563 2389 vniuerfitas
582 2353 701 2389 vestra
726 2367 792 2390 nos
820 2354 1023 2391 conceffiss'e
1050 2363 1086 2393 et
1113 2358 1307 2406 episcopali
1336 2361 1550 2397 auctoritate
1578 2362 1802 2399 confirmasse

237 2420 360 2457 domui
379 2422 424 2457 de
445 2420 565 2458 Soltre
593 2427 628 2457 et
654 2421 825 2470 magistro
852 2428 888 2458 et
917 2423 1090 2460 fratribus
1117 2425 1154 2460 in
1183 2427 1309 2462 eadem
1335 2427 1442 2463 domo
1461 2428 1543 2465 Deo
1562 2430 1800 2467 seruientibus

1003 2505 1024 2528 E
