2147 2964
340 348 412 380 320
707 341 886 380 CARTE
913 340 1171 378 ECCLESIE
1201 339 1544 378 COLLEGIATE

341 443 527 478 dominum
547 442 727 477 Jacobum
757 442 928 477 comitem
956 441 1001 476 de
1029 440 1207 476 Mortoun
1234 445 1271 475 et
1297 439 1485 475 dominum
1515 440 1560 475 de
1588 438 1753 475 Dalketh
1781 438 1918 475 Sanffi-

340 511 477 545 andree
504 509 656 545 diocesis
682 509 787 545 nobis
814 508 1039 556 presentatas
1067 520 1149 543 cum
1181 520 1224 543 ea
1250 520 1324 554 qua
1350 508 1474 543 decuit
1503 507 1722 543 reuerencia
1747 507 1917 556 recepisse

340 578 645 625 quarumquidem
672 578 862 613 literarum
891 583 998 613 tenor
1024 577 1070 612 de
1096 577 1208 612 uerbo
1235 575 1273 611 in
1299 576 1450 611 verbum
1477 576 1640 623 sequitur
1665 581 1701 612 et
1727 575 1810 611 talis
1838 576 1916 611 est-

340 646 476 683 SIXTUS
498 646 687 694 episcopus
705 648 830 682 seruus
856 646 1040 682 seruorum
1071 644 1145 680 Dei
1158 644 1298 680 dilestis
1325 643 1408 679 filiis
1438 642 1571 680 Sanfite
1589 643 1721 680 Crucis
1741 644 1786 679 de
1805 643 1918 679 Edin-

339 716 460 764 burgh
479 722 514 751 et
539 716 584 750 de
608 714 748 750 Melros
778 714 1040 751 Sanffiandree
1068 719 1104 749 et
1131 711 1363 760 Glasguensis
1390 711 1586 747 diocesium
1614 712 1917 748 monasteriorum

340 784 533 819 abbatibus
560 796 602 819 ac
630 783 891 819 archidiacono
921 781 1182 819 Sanaiandree
1213 781 1311 816 infra
1337 786 1459 828 partes
1486 780 1677 817 Laudonie
1704 780 1853 817 salutem
1882 787 1918 817 et

340 851 573 899 apostolicam
594 851 893 887 benediccionem
914 872 921 879 ·
940 850 1126 886 Decorem
1146 850 1273 885 domus
1291 849 1364 885 Dei
1392 863 1501 897 quam
1529 850 1635 885 decet
1661 849 1864 885 sanetitudo
1884 856 1919 885 et

340 920 567 955 venustatem
595 920 831 955 ecclesiarum
858 918 1105 966 quarumlibet
1131 917 1321 965 presertim
1349 917 1547 965 insignium
1575 917 1851 964 collegiatarum
1874 931 1916 953 ac

340 989 458 1024 diuini
488 988 606 1024 cultus
637 994 872 1036 augmentum
905 986 1052 1022 intensis
1083 986 1271 1022 desideriis
1302 986 1514 1021 affe&antes
1543 985 1637 1021 votis
1667 985 1740 1020 illis
1770 992 1916 1033 gratum

339 1057 540 1104 prestamus
561 1056 734 1092 assensum
755 1069 820 1104 per
839 1069 910 1103 que
929 1055 1082 1091 deuocio
1109 1053 1270 1090 fidelium
1300 1066 1389 1102 erga
1416 1053 1497 1088 illas
1518 1053 1693 1101 adaugeri
1714 1060 1749 1089 et
1768 1054 1916 1090 ecclesie

338 1126 414 1173 ipse
431 1126 478 1160 ad
496 1125 640 1160 laudem
660 1125 758 1160 illius
777 1125 840 1172 qui
858 1124 998 1159 habitat
1026 1124 1063 1158 in
1090 1122 1238 1158 excelsis
1257 1122 1392 1157 diuinis
1411 1121 1596 1168 preconiis
1616 1121 1762 1158 valeant
1781 1123 1914 1171 iugiter

338 1194 508 1229 resonare
529 1215 535 1222 ·
558 1193 654 1229 Sane
673 1206 738 1241 pro
757 1200 862 1240 parte
882 1192 1003 1227 dileffi
1021 1191 1084 1225 filii
1112 1190 1244 1225 nobilis
1264 1190 1334 1225 viri
1352 1189 1485 1225 Jacobi
1513 1190 1656 1225 comitis
1675 1190 1720 1225 de
1740 1190 1915 1227 Mortoun

339 1269 375 1298 et
394 1262 531 1297 domini
548 1262 619 1297 loci
640 1262 684 1296 de
705 1260 869 1296 Dalketh
890 1259 1152 1296 Sanfflandree
1172 1257 1322 1293 diocefis
1342 1257 1446 1292 nobis
1465 1270 1584 1305 nuper
1603 1258 1765 1294 exhibita
1781 1259 1916 1306 peticio

339 1330 552 1366 continebat
572 1329 669 1376 quod
690 1328 763 1376 ipse
783 1329 828 1363 ob
846 1327 1063 1375 singularem
1084 1338 1192 1372 quam
1221 1326 1267 1361 ad
1286 1324 1474 1361 eeclefiam
1496 1324 1617 1361 Sancti
1637 1325 1810 1362 Nicholai
1829 1327 1915 1363 diffi

337 1398 409 1434 loci
429 1399 473 1433 de
493 1396 658 1432 Dalketh
677 1409 748 1443 que
768 1395 964 1443 collegiata
983 1394 1103 1430 existit
1130 1400 1166 1430 et
1194 1407 1215 1429 a
1237 1393 1307 1429 suis
1325 1394 1624 1441 progenitoribus
1644 1407 1724 1430 cum
1746 1408 1817 1431 vna
1835 1409 1915 1447 pre-

336 1466 496 1515 positura
515 1472 550 1501 et
569 1465 731 1512 quinque
752 1463 1029 1500 canonicatibus
1049 1469 1085 1498 et
1108 1463 1259 1498 totidem
1279 1462 1474 1511 prebendis
1494 1463 1538 1498 de
1557 1463 1664 1498 bonis
1690 1463 1774 1511 ipsis
1793 1477 1814 1500 a
1833 1464 1915 1502 Deo

337 1535 479 1571 collatis
505 1535 550 1570 ab
579 1534 738 1580 antiquis
768 1533 994 1580 temporibus
1021 1532 1175 1567 fundata
1204 1538 1239 1567 et
1264 1531 1390 1566 dotata
1417 1530 1535 1566 extitit
1561 1531 1657 1579 gerit
1676 1532 1913 1569 deuocionem

337 1604 517 1640 desiderat
537 1603 668 1638 statum
693 1603 788 1638 difite
817 1601 967 1638 ecclesie
996 1601 1035 1636 in
1062 1600 1191 1636 melius
1222 1600 1413 1635 reformari
1441 1606 1475 1635 et
1503 1600 1629 1647 augeri
1657 1601 1828 1648 quodque
1847 1615 1913 1649 pro

335 1672 603 1708 reformacione
631 1679 667 1707 et
695 1677 892 1719 augmento
920 1669 1125 1705 huiusmodi
1151 1669 1289 1704 fruetus
1316 1668 1482 1703 redditus
1510 1674 1546 1703 et
1573 1675 1774 1714 prouentus
1802 1670 1911 1706 trium

336 1741 602 1789 parochialium
629 1738 864 1776 ecclesiarum
892 1738 1062 1774 videlicet
1089 1738 1133 1772 de
1161 1736 1374 1772 Newlandis
1406 1742 1442 1772 et
1468 1737 1514 1772 de
1541 1737 1784 1772 Kilbouchow
1812 1739 1914 1775 Glas'-

335 1810 479 1858 guensis
498 1823 541 1845 ac
559 1811 604 1845 de
623 1809 867 1845 Mordintoun
885 1807 977 1843 diste
999 1806 1261 1843 Sanetiandree
1278 1804 1428 1840 diocesis
1448 1817 1518 1852 que
1537 1805 1582 1840 de
1600 1805 1680 1841 iure
1697 1812 1911 1854 patronatus

337 1879 421 1915 diffi
452 1878 594 1914 comitis
626 1877 785 1913 existunt
811 1877 984 1912 videntur
1015 1875 1093 1910 fore
1121 1873 1316 1922 plurimum
1347 1872 1516 1920 oportuni
1536 1892 1542 1899 ·
1564 1872 1690 1915 Quare
1716 1887 1784 1921 pro
1807 1883 1911 1923 parte

337 1947 423 1982 dieti
443 1946 585 1982 comitis
612 1945 717 1980 nobis
744 1944 813 1980 fuit
839 1943 1028 1979 humiliter
1054 1942 1296 1989 supplicatum
1317 1947 1354 1976 vt
1378 1941 1423 1976 de
1450 1941 1626 1976 fruetibus
1652 1943 1856 1979 redditibus
1875 1952 1910 1980 et

337 2016 574 2064 prouentibus
601 2014 778 2049 diam-um
806 2011 1072 2060 parochialium
1100 2009 1335 2046 ecclesiarum
1361 2009 1557 2044 reseruatis
1584 2016 1707 2045 tamen
1734 2012 1840 2059 super
1859 2013 1909 2049 eis

338 2091 375 2119 et
394 2096 520 2120 earum
539 2082 687 2130 singulis
705 2081 940 2129 porcionibus
958 2077 1243 2127 congruentibus
1260 2089 1326 2125 pro
1345 2077 1461 2112 tribus
1480 2078 1666 2125 perpetuis
1680 2079 1826 2115 vicariis
1846 2082 1908 2128 qui

337 2153 375 2187 in
394 2152 498 2187 dietis
524 2149 797 2198 parochialibus
823 2148 983 2184 ecclesiis
1011 2146 1194 2183 deseruire
1220 2145 1380 2180 habeant
1407 2145 1446 2180 in
1473 2146 1608 2181 diuinis
1635 2154 1671 2182 et
1691 2159 1814 2183 curam
1834 2150 1908 2185 ani-

338 2232 479 2255 marum
498 2218 805 2266 parochianorum
834 2216 1033 2252 eorundem
1062 2226 1234 2250 exercere
1261 2220 1298 2249 et
1317 2213 1361 2249 de
1381 2213 1512 2260 quibus
1539 2214 1574 2249 se
1593 2227 1755 2262 congrue
1773 2215 1906 2252 susten-

338 2295 416 2322 tare
435 2286 565 2333 possint
581 2286 619 2321 in
639 2286 737 2321 dieta
763 2284 915 2320 ecclesia
943 2283 1065 2320 Sancti
1085 2281 1258 2318 Nicholai
1285 2281 1426 2328 aliquos
1445 2281 1682 2317 canonicatus
1701 2290 1737 2318 et
1755 2284 1907 2330 preben-

339 2357 402 2389 das
428 2354 473 2389 de
500 2366 596 2388 nouo
624 2352 766 2400 erigere
794 2352 934 2399 illisque
963 2364 1030 2399 pro
1059 2351 1144 2386 dote
1172 2350 1216 2384 de
1245 2349 1421 2385 fruffibus
1449 2349 1622 2396 prediffis
1651 2350 1753 2386 iuxta
1781 2364 1906 2387 eorum

338 2418 583 2454 neceslitatem
611 2417 788 2465 assignare
816 2417 1000 2465 applicare
1029 2430 1071 2452 ac
1099 2416 1334 2465 appropriare
1361 2429 1405 2452 ac
1428 2415 1492 2452 sibi
1511 2423 1547 2453 et
1564 2416 1816 2453 successoribus
1835 2419 1905 2453 suis

338 2487 394 2521 ius
412 2491 626 2533 patronatus
645 2491 719 2521 tam
745 2486 780 2520 in
803 2485 945 2520 vicariis
965 2497 1073 2531 quam
1098 2485 1134 2519 in
1155 2484 1428 2520 canonicatibus
1455 2490 1491 2519 et
1508 2483 1703 2530 prebendis
1722 2484 1905 2532 erigendis
