2147 2964
870 317 1164 354 DALKEITH.
1717 316 1798 351 cxix

226 425 281 446 seu
308 415 503 448 subieccione
529 416 637 448 vicarii
668 417 750 449 dicte
780 416 907 449 ecclesie
931 416 1133 458 parrochialis
1158 416 1197 448 de
1224 416 1353 448 Leswad
1380 415 1434 458 qui
1461 426 1517 457 pro
1539 419 1679 457 tempore
1705 414 1801 446 fuerit

226 471 422 511 presencium
449 482 504 513 per
528 475 668 504 tenorem
694 472 864 504 eximimus
889 471 1063 503 diuidimus
1089 476 1121 503 et
1147 471 1381 513 imperpetuum
1408 481 1596 513 separamus.
1642 470 1800 502 Volumus

226 525 353 567 insuper
368 536 404 558 ac
421 537 476 567 pro
495 526 586 558 nobis
605 528 637 558 et
659 526 886 558 successoribus
910 526 1025 558 nostris
1046 527 1085 558 de
1105 526 1267 558 communi
1287 537 1437 558 consensu
1459 526 1589 567 capituli
1614 526 1710 558 nostri
1725 536 1799 557 con-

225 581 366 613 cedimus
381 581 466 623 quod
488 581 628 613 eiusdem
644 581 759 614 vicarie
781 582 963 624 principalis
984 582 1209 623 fructuumque
1231 581 1413 613 reddituum
1433 583 1464 612 et
1486 583 1697 622 prouentuum
1717 580 1798 612 eius-

225 636 298 667 dem
314 636 347 667 in
363 635 452 667 binas
468 635 599 667 vicarias
620 636 718 668 seccio
734 639 766 669 et
787 636 902 668 diuisio
925 647 1044 668 necnon
1067 635 1207 668 eiusdem
1231 636 1264 667 in
1287 636 1365 668 duas
1384 635 1501 668 creacio
1524 636 1639 668 ereccio
1654 635 1727 667 vnio
1742 646 1799 667 an—

226 691 318 722 nexio
333 694 365 722 et
380 691 593 733 incorporacio
609 691 819 723 verumeciam
840 691 1003 733 exempeio
1023 691 1182 732 separacio
1200 702 1254 723 seu
1270 691 1384 723 diuisio
1400 691 1483 722 dicte
1497 691 1605 723 vicarii
1621 691 1653 722 in
1669 691 1798 722 ecclesia

225 746 391 788 collegiata
414 746 574 778 antedicta
596 746 784 778 instituendi
808 757 1082 788 successorumque
1104 746 1242 777 eiusdem
1271 757 1307 778 ac
1341 746 1485 778 omnium
1519 746 1796 787 parrochianorum

224 801 371 833 villarum
389 801 601 843 predictarum
618 805 650 834 et
665 801 759 834 castri
782 801 842 833 sibi
857 812 1052 834 annexorum
1074 801 1168 833 modo
1184 805 1216 833 et
1238 802 1339 833 forma
1360 801 1547 843 supradictis
1570 812 1624 842 per
1646 811 1700 832 nos
1716 801 1797 833 facte

224 867 278 898 per
300 867 422 889 cessum
446 857 497 889 uel
520 857 683 889 decessum
706 857 856 899 sepedicti
879 856 989 888 vicarii
1015 857 1157 889 moderni
1180 857 1266 889 illese
1290 861 1438 889 maneant
1461 861 1493 889 et
1518 867 1623 889 secure
1645 867 1681 888 ac
1704 857 1798 888 robur

223 912 363 944 senciant
378 916 409 944 et
425 912 599 954 percipiant
614 912 774 944 firmitatis
796 912 955 954 perpetuis
977 912 1171 954 temporibus
1193 912 1227 944 in
1247 913 1391 944 futurum
1417 912 1512 944 saluis
1532 914 1638 944 tamen
1662 912 1751 943 nobis
1766 915 1798 943 et

224 967 452 999 successoribus
468 968 580 1000 nostris
595 968 847 1009 quibuscumque
869 967 1047 1000 visitacione
1070 967 1264 1000 correccione
1279 968 1446 1010 punicione
1464 968 1614 999 canonica
1629 967 1798 999 obedencia

224 1027 255 1054 et
279 1022 495 1055 iurisdiccione
511 1023 618 1055 vicarii
644 1023 772 1055 ecclesie
795 1023 958 1064 collegiate
984 1023 1141 1056 antedicte
1166 1027 1198 1055 et
1221 1023 1497 1065 parrochianorum
1513 1023 1651 1055 eiusdem
1677 1033 1797 1054 necnon

224 1078 345 1110 iuribus
360 1078 472 1111 nostris
487 1078 715 1121 episcopalibus
730 1078 1035 1111 archidiaconalibus
1056 1079 1139 1111 dicte
1161 1079 1288 1111 ecclesie
1310 1082 1416 1111 nostre
1436 1078 1607 1110 cathedrali
1630 1078 1743 1109 debitis
1766 1086 1798 1109 et

224 1134 378 1166 consuetis
393 1144 471 1176 quas
487 1134 576 1166 nobis
591 1138 623 1166 et
637 1134 864 1167 successoribus
880 1135 994 1166 nostris
1009 1145 1065 1176 pro
1081 1138 1232 1176 perpetuo
1248 1145 1454 1167 reseruamus.
1494 1134 1533 1165 In
1549 1134 1638 1165 cuius
1650 1134 1694 1166 rei
1710 1134 1798 1165 testi-

225 1189 367 1221 monium
383 1189 524 1231 sigillum
546 1193 690 1221 nostrum
713 1189 911 1222 autenticum
927 1201 989 1222 vna
1011 1201 1085 1222 cum
1107 1190 1210 1232 sigillo
1233 1190 1360 1222 comuni
1383 1189 1515 1231 capituli
1531 1189 1629 1221 nostri
1644 1189 1795 1221 antedicti

224 1244 418 1286 presentibus
430 1248 478 1276 est
491 1255 666 1286 appensum
681 1245 766 1286 apud
778 1245 1082 1277 Sanctumandream
1097 1245 1147 1277 die
1162 1245 1264 1287 primo
1280 1245 1396 1277 mensis
1408 1245 1553 1277 Octobris
1567 1255 1650 1276 anno
1668 1245 1796 1276 Domini

225 1299 392 1332 millesimo
406 1299 717 1341 quadringentesimo
733 1300 926 1342 sexagesimo
941 1301 1074 1342 septimo
1084 1301 1280 1342 presentibus
1292 1300 1528 1332 honorabilibus
1538 1300 1797 1342 venerabilusque

225 1359 256 1386 et
271 1354 412 1386 discretis
433 1354 508 1385 viris
522 1354 667 1386 videlicet
688 1354 825 1386 Roberto
841 1355 1000 1387 Grahame
1016 1356 1054 1387 de
1075 1355 1195 1396 Fyntre
1210 1355 1331 1387 Jacobo
1354 1355 1551 1397 Scrimgeour
1566 1355 1797 1387 constabulario

225 1410 263 1441 de
279 1410 394 1441 Dunde
406 1409 587 1441 Alexandro
608 1409 737 1441 Luwale
759 1410 797 1441 de
814 1410 993 1442 Ballumme
1008 1410 1190 1442 Alexandro
1207 1410 1331 1451 Ogilwy
1346 1410 1556 1451 primogenito
1579 1414 1612 1442 et
1626 1415 1796 1452 apparente

226 1464 337 1496 herede
358 1464 480 1496 Thome
503 1464 626 1506 Ogilwy
647 1464 687 1496 de
710 1464 817 1496 Clowa
843 1465 1001 1506 magistris
1023 1465 1130 1496 Dauid
1157 1465 1246 1497 Seras
1269 1465 1385 1497 vicario
1408 1465 1446 1496 de
1462 1465 1615 1497 Kerimur
1631 1465 1796 1497 Willelmo

225 1520 343 1552 Mowat
369 1520 573 1561 prebendario
597 1520 722 1551 ecclesie
747 1520 934 1551 cathedralis
949 1520 1140 1553 Orkadensis
1163 1520 1318 1552 Duncano
1337 1520 1472 1553 Yalulok
1494 1521 1608 1552 vicario
1630 1521 1669 1552 de
1692 1521 1795 1552 Craw-

225 1575 295 1606 furd
310 1575 456 1607 Lindesai
472 1578 504 1606 et
519 1574 647 1606 domino
664 1574 803 1607 Henrico
815 1575 914 1616 Barry
929 1578 1045 1607 rectore
1061 1575 1099 1607 de
1116 1575 1208 1607 Golas
1224 1586 1296 1607 cum
1312 1576 1443 1608 diuersis
1458 1576 1535 1608 aliis.

312 1690 328 1701 ‘⁴
348 1685 461 1717 W'HEN
484 1685 538 1717 the
555 1685 741 1717 Chaneellor
757 1686 908 1726 Morton,⁷’
932 1697 1000 1727 says
1017 1685 1189 1726 Chalmcrs,
1214 1687 1231 1701 “
1244 1685 1390 1717 obtained
1414 1685 1495 1716 from
1511 1686 1620 1725 Queen
1637 1686 1737 1727 Mary,
1762 1687 1793 1717 in

226 1741 317 1781 1564,
333 1752 351 1772 a
367 1740 583 1772 confirmation
601 1740 637 1772 of
647 1740 697 1771 his
712 1744 834 1780 estates,
850 1740 876 1772 it
899 1740 1045 1772 included
1062 1740 1115 1772 the
1131 1740 1296 1772 advowson
1313 1741 1348 1772 of
1368 1741 1421 1772 the
1438 1741 1563 1782 College
1578 1741 1640 1772 and
1663 1742 1794 1782 prebena

223 1796 323 1827 darios
346 1796 381 1827 of
400 1795 453 1827 the
470 1794 643 1837 Collegiate
664 1795 792 1827 Church
814 1795 850 1826 of
868 1795 1030 1837 Dalkeith,
1046 1795 1122 1827 with
1146 1796 1186 1827 its
1209 1795 1390 1837 pertinents.
1439 1796 1507 1828 The
1530 1797 1741 1838 specification
1763 1799 1799 1827 os

223 1851 299 1882 such
316 1854 446 1883 matters
463 1854 494 1882 to
510 1850 586 1882 such
602 1862 622 1882 a
638 1861 711 1882 man
728 1850 829 1882 shows
844 1850 958 1891 clearly
974 1850 1044 1882 that
1060 1851 1146 1883 there
1163 1862 1225 1883 was
1241 1852 1316 1883 theu
1333 1863 1374 1883 no
1397 1852 1503 1893 parish
1519 1853 1554 1883 of
1574 1852 1794 1884 Dalkeith.⁷'—

225 1906 408 1947 Caledonia,
431 1906 490 1937 vol.
514 1905 557 1937 iii.
586 1916 615 1947 p.
638 1906 708 1938 799.
755 1905 822 1937 The
845 1909 942 1937 terms
963 1906 999 1937 of
1018 1906 1072 1938 the
1095 1907 1193 1938 above
1215 1907 1292 1938 deed
1315 1907 1428 1948 clearly
1452 1918 1561 1949 proves
1585 1907 1639 1939 the
1665 1918 1793 1940 reverse.

223 1961 290 1992 The
307 1963 369 1993 Act
391 1961 527 1993 referred
549 1964 591 2002 to,
607 1960 702 1992 dated
720 1960 797 1993 l7th
814 1960 950 1992 October
966 1961 1060 1999 1564,
1085 1961 1110 1992 is
1133 1962 1299 1994 contained
1323 1962 1355 1993 in
1372 1962 1425 1994 the
1442 1962 1519 1994 Acts
1535 1962 1571 1993 of
1589 1962 1793 2003 Parliament‚

224 2016 281 2048 vol.
301 2017 330 2048 ii.
350 2027 379 2058 p.
397 2017 469 2048 562.

310 2073 349 2104 In
365 2073 419 2104 the
433 2083 507 2113 year
523 2072 618 2113 1642,
635 2071 688 2104 the
704 2074 817 2104 estates
838 2071 874 2102 of
892 2071 1052 2113 Dalkeith,
1078 2071 1153 2103 with
1169 2072 1224 2104 the
1246 2075 1418 2114 patronage
1434 2072 1469 2103 of
1488 2072 1541 2105 the
1562 2073 1699 2114 Church,
1717 2084 1794 2106 were

223 2127 396 2169 purchased
412 2127 448 2160 of
460 2127 514 2160 the
529 2127 606 2159 Earl
622 2126 659 2159 of
669 2127 797 2159 Morton
812 2127 853 2168 by
870 2126 998 2159 Francis
1014 2126 1089 2158 Earl
1106 2126 1141 2158 of
1153 2127 1336 2159 Buccleucb.

840 2268 1181 2304 BORTHWICK.

309 2361 350 2392 IN
373 2361 489 2393 former
511 2361 603 2393 times
626 2361 680 2392 the
703 2370 796 2392 name
818 2360 854 2392 of
872 2360 1052 2392 Borthwick
1070 2370 1133 2391 was
1156 2359 1362 2400 Locheiwart,
1378 2371 1412 2391 or
1433 2360 1709 2404 Lochquhorwart‚
1725 2374 1794 2405 pro-

223 2416 364 2448 nounced
381 2416 467 2448 Loch
484 2416 646 2457 Wharret,
664 2415 753 2447 when
776 2415 920 2448 annexed
944 2415 984 2457 by
1000 2415 1053 2447 the
1069 2414 1256 2447 Chancellor
1272 2415 1357 2446 Lord
1377 2415 1551 2457 Creychton
1571 2419 1604 2448 to
1623 2417 1672 2449 his
1695 2419 1793 2459 newly

223 2471 344 2503 erected
357 2471 528 2513 Collegiate
540 2471 669 2504 Church
683 2471 748 2513 (see
760 2481 789 2512 p.
803 2470 920 2512 lxxiii.)
967 2470 1058 2502 After
1074 2469 1128 2502 the
1141 2470 1367 2512 Reformation,
1381 2470 1413 2502 iu
1428 2471 1521 2512 1574,
1535 2471 1602 2513 Sec,
1615 2472 1794 2505 Borthwick
