2147 2964
313 315 355 349 011
617 307 929 346 REGISTRUM
956 306 1209 344 ECCLESIE
1238 306 1582 344 COLLEGIATE

313 411 481 459 precibus
500 422 590 457 quos
609 409 698 444 fides
718 409 796 456 spes
813 414 849 444 et
869 407 1003 444 caritas
1023 407 1069 443 ad
1088 406 1301 442 deuocionis
1327 407 1496 442 affefitum
1511 406 1690 442 <continue
1710 406 1890 443 solicitant

314 486 351 515 ut
379 479 423 515 ad
453 478 617 526 graciam
646 476 805 525 dispositi
837 481 873 512 et
902 476 948 512 ad
979 475 1134 523 gloriam
1166 475 1314 511 inuitati
1344 474 1381 510 in
1409 474 1479 522 piis
1508 474 1646 510 affibus
1677 475 1891 510 accuracius

312 548 547 595 perseuerent
587 551 660 581 tam
697 546 802 593 vigor
842 550 878 580 et
913 544 1037 579 feruor
1082 543 1253 591 equitatis
1297 555 1405 591 quam
1443 543 1534 578 ordo
1570 542 1728 579 racionis
1763 542 1889 578 fauere

315 628 380 651 nos
424 615 605 650 inducunt
649 635 655 641 ·
700 612 845 648 Literas
888 612 1003 659 igitur
1045 610 1353 660 prepotentiffime
1400 610 1610 659 principiffe
1659 617 1695 647 et
1741 611 1889 647 domine

316 683 461 719 dominc
493 682 611 718 Marie
647 681 721 717 Dei
763 680 891 729 gracia
926 680 1054 728 regine
1093 679 1223 716 Scocie
1258 679 1320 715 suo
1356 679 1473 727 figillo
1509 679 1682 727 sigillatas
1716 679 1816 726 pium
1854 685 1890 716 et

314 751 497 788 laudabile
526 751 684 786 eiusdem
713 748 921 796 principiffe
952 747 1175 796 propositum
1204 753 1422 796 perpetuum
1451 747 1645 795 collegium
1674 746 1747 782 flue
1774 746 1889 783 eccle·

315 820 399 855 {iam
427 819 658 866 collegiatam
688 817 793 853 vnius
827 816 999 865 prepositi
1035 823 1071 852 et
1107 818 1186 852 06ὶο
1223 815 1497 863 capellanorum
1533 828 1576 851 ac
1612 816 1767 851 duorum
1802 828 1890 863 pue-

314 901 437 924 rorum
464 888 600 923 ibidem
632 886 759 921 diuino
791 885 905 921 cultui
937 885 1231 932 deputandorum
1262 898 1376 933 prope
1407 885 1564 933 burgum
1596 886 1641 921 de
1668 884 1889 932 Edinburgh

315 970 358 992 ex
394 962 498 1004 parte
534 955 673 991 borcali
710 954 869 990 eiusdem
905 966 986 989 cum
1024 952 1191 1000 hospitali
1227 953 1418 989 tresdecim
1452 966 1655 1001 pauperum
1688 953 1726 988 in
1762 952 1888 988 eodem

315 1024 605 1060 sustinendorum
645 1022 831 1070 perpetuis
871 1022 1003 1057 futuris
1045 1021 1270 1068 temporibus
1311 1022 1527 1057 duraturum
1563 1022 1670 1069 super
1705 1021 1813 1056 terris
1853 1027 1889 1057 et

316 1092 476 1128 ecclesiis
494 1090 663 1127 beneficii
688 1091 732 1125 de
764 1089 884 1126 Soltre
912 1089 1066 1137 collegio
1095 1095 1131 1125 et
1157 1088 1327 1136 hospitali
1354 1089 1416 1124 suo
1444 1089 1645 1137 apostolica
1671 1089 1887 1125 aufi'coritate

316 1162 425 1197 vnitis
453 1167 489 1197 et
515 1158 760 1207 incorporatis
787 1170 932 1193 necnon
959 1162 995 1192 et
1022 1158 1129 1204 super
1155 1157 1263 1193 terris
1290 1159 1336 1193 de
1361 1157 1570 1193 Ballernow
1590 1163 1626 1194 et
1651 1158 1818 1206 hospitali
1843 1159 1887 1194 de

317 1229 556 1277 Vthirregale
583 1241 626 1264 ac
657 1227 739 1263 aliis
771 1227 877 1262 terris
904 1225 974 1260 suis
1000 1224 1271 1273 possessionibus
1307 1231 1344 1260 et
1379 1225 1511 1260 annuis
1543 1226 1748 1261 redditibus
1778 1226 1890 1262 infra-

315 1299 458 1346 scriptis
478 1297 650 1332 ordinare
670 1301 706 1331 et
724 1294 879 1330 fundare
905 1292 1143 1328 desiderantis
1170 1305 1315 1328 necnon
1343 1292 1452 1340 ipsius
1480 1293 1688 1341 principifl'e
1714 1294 1887 1330 humilem

315 1365 621 1414 supplicacionem
642 1369 679 1398 vt
698 1362 783 1398 dieti
807 1361 954 1408 collegii
980 1360 1239 1396 fundacionem
1261 1361 1539 1408 disposicionem
1558 1368 1594 1398 et
1613 1362 1888 1398 ordinacionem

315 1434 474 1482 prefatas
503 1445 568 1480 per
597 1431 711 1467 nostri
742 1429 1009 1465 solicitudinem
1042 1428 1151 1464 officii
1182 1430 1229 1465 ad
1258 1430 1425 1466 effe&um
1451 1431 1657 1478 producere
1685 1431 1888 1479 approbare

316 1502 499 1538 ratificare
526 1506 563 1536 et
589 1499 808 1535 confirmare
836 1497 1072 1545 dignaremur
1100 1497 1331 1533 continentes
1358 1499 1563 1546 recepimus
1589 1501 1627 1534 in
1653 1499 1722 1535 hec
1750 1500 1863 1536 verba
1881 1523 1888 1530 ·

316 1570 450 1606 MAmA
469 1569 540 1604 Dei
572 1568 699 1616 gracia
731 1567 861 1615 regina
894 1565 1021 1602 Scocie
1052 1567 1258 1602 reuerendo
1289 1567 1327 1602 in
1362 1566 1509 1603 Christo
1540 1567 1637 1615 patri
1669 1580 1712 1603 ac
1742 1568 1888 1603 domino

317 1639 465 1674 domino
484 1638 625 1674 Jacobo
644 1636 718 1673 Dei
746 1641 782 1671 et
809 1634 1011 1682 aposstolice
1038 1635 1132 1670 sedis
1158 1635 1286 1683 gracia
1315 1635 1579 1672 Sanfitiandree
1604 1636 1772 1684 episcopo
1805 1642 1863 1672 etc
1881 1656 1889 1663 ·

317 1707 586 1754 consanguineo
610 1705 734 1741 nostro
762 1703 942 1740 cariffimo
969 1703 1203 1738 reuerencias
1230 1709 1333 1739 tanto
1359 1706 1453 1752 patri
1472 1704 1601 1752 dignas
1621 1717 1702 1740 cum
1721 1704 1860 1740 honore
1880 1726 1887 1733 ·

318 1776 475 1812 Nouerit
502 1775 622 1811 vestra
647 1773 854 1809 reuerenda
883 1772 1087 1820 paternitas
1115 1772 1213 1819 quod
1242 1772 1282 1807 in
1312 1772 1458 1808 laudem
1489 1778 1526 1808 et
1551 1772 1728 1808 honorem
1758 1772 1889 1809 &mitte

320 1845 514 1880 Trinitatis
543 1845 647 1879 beate
675 1848 711 1878 et
736 1841 891 1890 gloriose
919 1840 1058 1888 semper
1086 1839 1238 1888 virginis
1263 1840 1382 1875 Marie
1412 1839 1543 1876 Samffe
1570 1840 1725 1876 Niniani
1753 1840 1889 1877 confes-

318 1914 405 1948 soris
425 1919 460 1948 et
479 1912 641 1947 omnium
669 1911 872 1946 sanctorum
899 1914 935 1944 et
963 1909 1161 1944 eleuorum
1180 1907 1253 1943 Dei
1281 1920 1347 1943 nos
1366 1907 1489 1944 Maria
1514 1908 1679 1956 predifita
1702 1921 1783 1944 cum
1804 1921 1888 1944 con-

318 1981 418 2016 sensu
438 1987 473 2016 et
500 1980 635 2015 assensu
662 1977 884 2014 illustrissimi
910 1977 1087 2024 principis
1106 1976 1259 2012 Domini
1278 1976 1411 2012 Jacobi
1437 1976 1659 2012 inuiffiffimi
1685 1977 1748 2012 filii
1775 1976 1888 2012 nostri

319 2049 415 2096 regis
437 2047 563 2084 Scocie
583 2048 629 2083 ad
647 2051 862 2094 perpetuam
889 2045 944 2081 rei
971 2045 1184 2080 memoriam
1211 2057 1278 2092 pro
1297 2045 1411 2081 salute
1438 2045 1559 2081 anime
1582 2045 1766 2093 quondam
1785 2045 1889 2081 incli-

320 2116 439 2151 tissimi
467 2115 645 2163 principis
671 2114 805 2150 Jacobi
833 2113 1025 2149 Scotorum
1052 2113 1150 2161 regis
1176 2113 1236 2160 pie
1263 2113 1439 2149 memorie
1466 2113 1581 2148 nostri
1607 2112 1723 2160 sponfi
1743 2125 1889 2149 necnon

322 2184 479 2219 omnium
509 2196 635 2231 regum
664 2189 700 2218 et
728 2183 939 2230 reginarum
967 2182 1221 2217 defun&orum
1247 2186 1283 2216 ct
1310 2181 1561 2217 defun&arum
1589 2180 1716 2217 Scocie
1743 2194 1889 2217 necnon

322 2264 387 2298 pro
416 2251 529 2287 salute
562 2250 782 2286 illustriffimi
817 2250 993 2298 principis
1025 2249 1158 2285 Jacobi
1191 2249 1360 2284 moderni
1390 2248 1487 2297 regis
1521 2247 1648 2284 Scocie
1679 2248 1743 2283 filii
1774 2248 1888 2284 nostri

323 2319 454 2365 prefati
474 2325 508 2354 et
527 2331 593 2365 pro
613 2318 725 2354 salute
745 2318 865 2354 anime
884 2318 1006 2353 nostre
1033 2317 1147 2365 patris
1174 2323 1211 2353 et
1237 2316 1364 2352 matris
1384 2317 1545 2352 omnium
1563 2316 1769 2352 nostrorum
1789 2322 1890 2354 ante-

325 2386 498 2421 cefforum
526 2387 683 2421 filiorum
710 2392 747 2422 et
773 2386 930 2422 filiarum
958 2385 1196 2422 successorum
1223 2391 1259 2421 et
1286 2385 1332 2421 ab
1359 2385 1493 2420 eisdem
1520 2385 1820 2420 descendencium
1848 2398 1891 2421 ac

326 2466 392 2501 pro
411 2454 521 2489 salute
540 2455 734 2490 reuerendi
761 2455 798 2490 in
820 2454 965 2491 Christo
990 2453 1105 2503 patris
1124 2453 1277 2489 Domini
1295 2453 1321 2489 J
1323 2453 1428 2489 acobi
1449 2452 1712 2489 Sanfitiandree
1731 2452 1890 2501 episcopi
