2147 2964
527 282 739 321 SANCTE
767 282 1086 321 TRINITATIS
1113 283 1184 320 DE
1211 283 1547 322 EDINBURGH.
1774 254 1819 327 6'7

249 382 345 418 dicie
364 402 371 409 ·
393 381 467 425 Qui
486 388 643 430 quatuor
664 383 900 430 prebendarii
927 382 1172 431 prenominati
1199 384 1369 421 subibunt
1397 385 1519 420 omnia
1546 398 1659 421 onera
1685 386 1820 433 cpisco-

248 450 347 497 palia
364 456 400 486 et
419 450 730 487 archidiaconalia
757 457 793 486 et
820 451 891 487 alia
910 451 955 486 de
983 451 1061 486 iure
1088 450 1177 486 solui
1204 452 1376 488 consueta
1403 465 1484 488 cum
1505 453 1654 489 ecclesie
1673 466 1819 501 repara-

249 518 354 554 cione
383 524 419 554 et
446 517 713 554 sustentacione
742 519 788 554 de
819 518 946 566 primis
977 518 1155 554 fruffibus
1186 520 1341 555 reaorie
1373 520 1418 555 de
1454 520 1818 558 Strathichinmartin

247 586 344 621 inter
362 586 545 633 predifflms
572 591 729 633 quatuor
752 585 1014 633 prebendarios
1042 587 1223 633 equaliter
1243 588 1438 624 condiuisis
1457 610 1464 617 ·
1487 588 1647 632 Quintus
1665 591 1820 637 preben-

247 654 370 690 darius
390 655 451 701 qui
470 654 718 691 intitulabitur
736 654 781 689 de
803 653 974 690 Gilstoun
1001 654 1149 689 habebit
1175 654 1338 702 quinque
1366 663 1547 692 marcatas
1574 662 1755 694 terrarum
1775 660 1819 695 de

247 721 534 758 Browdcrstanis
562 728 598 758 et
619 721 790 758 Gilstoun
817 733 884 769 per
911 734 977 756 nos
1004 721 1214 757 limitandas
1232 728 1269 758 vt
1297 723 1405 770 supra
1423 731 1460 760 et
1477 725 1633 771 primam
1653 733 1820 773 quartam

247 790 425 838 [partem]
455 790 635 826 fru8wum
662 789 817 826 reaorie
845 788 995 825 ecclesie
1029 790 1074 825 de
1103 789 1318 826 Ormistoun
1352 791 1615 829 Swffiandree
1644 794 1819 830 diocesis-

248 857 379 895 Sextus
402 859 669 906 prebendarius
696 858 758 906 qui
786 858 1034 894 intitulabitur
1061 859 1106 895 de
1128 858 1343 895 Ormistoun
1370 859 1521 897 habebit
1548 862 1709 910 quinque
1729 876 1821 899 mar-

247 934 346 964 catas
365 934 547 964 terrarum
567 927 612 963 de
627 926 918 963 Browderstauis
937 933 974 963 et
988 926 1157 963 Gilstoun
1176 941 1243 976 per
1262 941 1328 964 nos
1347 929 1558 965 limitandas
1573 937 1608 966 et
1628 932 1822 967 secundam

246 1003 414 1044 quartam
431 1002 573 1044 partem
597 996 778 1032 fru&uum
805 995 961 1031 rectorie
988 996 1139 1032 ecclesie
1165 997 1210 1032 de
1231 997 1445 1034 Ormistoun
1474 999 1657 1035 antedifioe
1678 1021 1684 1028 ·
1707 999 1822 1048 Septi-

246 1077 326 1101 mus
343 1064 607 1113 prebendarius
631 1063 694 1111 qui
720 1063 969 1100 intitulabitur
988 1066 1031 1099 de
1052 1064 1131 1099 Hill
1159 1064 1309 1102 habebit
1328 1066 1490 1114 quinque
1510 1074 1691 1104 marcatas
1710 1074 1823 1105 terra-

246 1145 327 1168 rum
354 1132 452 1168 infra
478 1131 679 1167 dominium
707 1131 752 1167 de
780 1131 954 1167 Ballerno
982 1145 1048 1180 per
1075 1146 1141 1168 nos
1168 1133 1381 1170 limitandas
1411 1142 1447 1171 et
1479 1136 1631 1171 terciam
1656 1143 1821 1184 quartam

251 1201 424 1250 [partem]
455 1201 637 1236 fructuum
661 1200 817 1236 reu-,orie
845 1200 890 1236 de
912 1199 1125 1237 Ormistoun
1145 1223 1152 1231 -
1175 1202 1341 1239 octauus
1367 1204 1633 1251 prebendarius
1660 1205 1722 1252 qui
1744 1207 1824 1241 inti-

247 1270 424 1306 tulabitur
449 1270 494 1304 de
514 1268 729 1304 Newlandis
757 1268 906 1303 habebit
933 1269 1095 1316 quinque
1123 1277 1306 1307 marcatas
1333 1277 1515 1308 terrarum
1544 1274 1589 1309 de
1609 1273 1824 1310 Newlandis

248 1337 402 1373 dominii
427 1337 472 1372 de
500 1336 621 1373 Soltre
649 1342 685 1372 et
709 1335 870 1371 vltimam
899 1343 1065 1383 quartam
1096 1339 1273 1387 [partem]
1304 1340 1487 1376 fru&uum
1514 1343 1669 1378 1·e6·torie
1687 1344 1733 1379 de
1754 1343 1823 1380 Or-

249 1405 405 1441 mistoun
433 1405 614 1441 antediem
641 1425 648 1433 ·
672 1404 892 1452 Quiquidem
922 1405 1036 1441 vltimi
1064 1412 1221 1453 quatuor
1247 1408 1483 1455 prebendarii
1511 1410 1682 1447 subibunt
1709 1425 1822 1448 onera

249 1474 469 1521 episcopalia
488 1479 523 1509 et
542 1473 853 1509 archidiaconalia
880 1486 962 1509 cum
989 1474 1228 1521 reparacione
1256 1481 1292 1511 et
1319 1475 1585 1513 sustentacione
1607 1479 1757 1515 ecclesie
1776 1480 1821 1516 de

251 1541 464 1578 Ormistoun
485 1541 530 1577 de
549 1541 676 1589 primis
702 1541 879 1577 fructibus
908 1541 1066 1577 eiusdem
1094 1555 1177 1578 cum
1205 1543 1285 1578 aliis
1313 1545 1483 1580 oneribus
1503 1546 1548 1582 de
1574 1547 1653 1583 iure
1681 1554 1717 1584 et
1736 1561 1820 1584 con-

249 1611 438 1646 suetudine
458 1609 547 1645 solui
568 1609 750 1645 consuetis
765 1630 771 1636 ·
789 1608 990 1645 statuimus
1009 1609 1154 1658 insuper
1172 1616 1208 1646 et
1225 1611 1436 1648 ordinamus
1451 1618 1488 1649 vt
1502 1614 1539 1649 in
1553 1615 1681 1651 eodem
1696 1616 1819 1652 nostro

249 1679 402 1727 collegio
419 1678 487 1714 sint
505 1679 578 1714 duo
597 1678 723 1714 clerici
743 1678 806 1725 qui
824 1679 1006 1726 parebunt
1023 1679 1207 1726 preceptis
1225 1680 1396 1727 prepositi
1415 1687 1450 1716 et
1469 1681 1655 1719 habebunt
1673 1697 1740 1732 pro
1758 1685 1820 1721 sua

247 1747 514 1783 sustentacione
534 1748 661 1783 decem
680 1747 832 1782 libratas
852 1752 1034 1782 terrarum
1057 1747 1102 1782 de
1121 1746 1295 1782 Ballerno
1314 1760 1381 1795 per
1399 1761 1464 1784 nos
1483 1749 1692 1787 limitandas
1712 1765 1820 1800 equa-

248 1816 332 1851 liter
350 1817 446 1852 inter
465 1815 608 1852 eosdem
634 1814 854 1850 diuidendas
881 1815 944 1862 qui
970 1814 1212 1850 remouebiles
1240 1821 1348 1851 erunt
1375 1817 1421 1852 ad
1445 1817 1619 1865 placitum
1647 1822 1819 1868 prepositi

248 1890 284 1919 et
308 1883 454 1931 collegii
478 1883 747 1919 antediEmrum
767 1904 774 1911 -
795 1882 844 1918 Et
872 1895 939 1930 pro
967 1882 1160 1918 tresdecim
1189 1884 1410 1931 pauperibus
1435 1884 1474 1920 in
1503 1886 1627 1922 nostro
1650 1887 1818 1936 hospitali

247 1951 463 1987 sustinendis
482 1951 678 1987 limitamus
698 1956 735 1986 et
753 1951 963 1986 ordinamus
992 1950 1167 1998 hospitale
1193 1951 1237 1986 de
1258 1951 1481 2000 Vthirrogill
1505 1960 1541 1990 et
1560 1956 1752 1992 refitoriam
1773 1958 1818 1993 de

251 2020 414 2068 Weymis
435 2019 698 2057 Sanetiandree
723 2018 875 2054 diocesis
895 2024 930 2054 et
949 2019 1066 2054 decim
1091 2019 1201 2055 libras
1221 2021 1334 2056 annui
1353 2022 1517 2060 redditus
1537 2023 1622 2060 ville
1641 2025 1686 2060 de
1704 2025 1816 2062 Edin-

249 2088 366 2136 burgh
385 2088 430 2123 de
450 2087 633 2123 communi
659 2086 819 2122 eiusdem
848 2099 891 2122 ac
914 2086 1032 2122 decim
1058 2087 1168 2123 libras
1197 2089 1242 2123 de
1270 2090 1379 2125 certis
1407 2091 1515 2127 terris
1539 2098 1574 2127 et
1599 2095 1818 2131 tenementis

248 2169 330 2192 cum
354 2157 448 2192 acris
466 2162 502 2192 et
522 2155 653 2192 annuis
671 2154 876 2190 redditibus
902 2155 1007 2190 nobis
1034 2155 1070 2190 in
1091 2156 1179 2191 villa
1203 2157 1249 2192 de
1268 2157 1387 2206 Leyth
1416 2159 1546 2195 debitis
1573 2167 1609 2197 et
1633 2162 1817 2209 pertinen-

249 2225 345 2261 tibus
364 2246 371 2253 ·
391 2224 545 2272 Insuper
573 2223 784 2259 ordinamus
816 2234 884 2269 pro
913 2223 1152 2270 reparacione
1188 2224 1339 2262 ecclesie
1376 2227 1569 2276 collegiate
1604 2231 1745 2277 prefate
1782 2239 1817 2268 et

249 2293 455 2329 necessariis
476 2292 515 2328 in
541 2291 668 2327 eadem
695 2290 950 2338 supportandis
974 2291 1217 2343 quadraginta
1240 2293 1301 2329 sex
1327 2293 1438 2330 libras
1465 2308 1598 2332 nouem
1623 2297 1754 2335 solidos
1772 2300 1816 2335 de

249 2361 425 2397 frmitibus
453 2359 607 2396 reStorie
635 2359 680 2394 de
703 2358 869 2394 Kirkurd
890 2358 1122 2407 Glasguensis
1150 2360 1300 2397 diocesis
1330 2361 1397 2411 [et]
1421 2363 1517 2399 resta
1541 2369 1722 2402 terrarum
1741 2368 1817 2404 nos-

250 2436 389 2465 trarum
417 2429 461 2465 de
486 2427 662 2464 Ballerno
681 2446 688 2455 ·
709 2426 837 2464 Onera
864 2439 951 2462 vero
980 2427 1199 2476 episcopalia
1227 2429 1537 2469 archidiaconalia
1565 2439 1601 2469 et
1630 2434 1702 2471 alia
1728 2436 1816 2472 solui
