2147 2964
58 2319 127 2353 170

486 303 698 342 SANCTE
726 305 1044 342 TRINITATIS
1073 306 1143 342 DE
1172 307 1505 345 EDINBURGII.
1687 315 1749 351 191

186 401 341 449 collegio
369 403 588 450 percipienti
616 404 654 438 in
683 417 780 439 anno
807 404 940 451 septem
972 405 1082 441 libras
1110 406 1169 441 sex
1197 406 1327 442 solidos
1354 414 1390 443 et
1418 412 1497 443 οὲὶο
1520 409 1690 445 denarios
1710 411 1754 445 dc

186 471 301 506 tribus
321 471 487 506 terminis
507 472 679 508 videlicet
699 473 745 507 ad
768 473 917 508 uincula
938 472 1059 509 sanai
1080 473 1180 509 Petri
1202 474 1376 510 Omnium
1396 475 1608 512 San&0rum
1630 483 1666 513 et
1684 477 1754 513 Pu—

185 539 406 575 rificacionis
435 539 549 576 Beate
579 539 698 576 Mai-ie
729 541 826 576 infra
857 541 926 577 hoc
959 548 1165 588 compotum
1196 542 1264 577 vli.
1294 555 1357 578 xs.
1409 543 1457 579 Et
1482 545 1578 580 dieto
1606 546 1754 580 domino

187 606 360 642 Michaeli
378 607 416 642 in
437 609 778 654 augmentacionem
799 609 850 644 sui
870 609 977 644 officii
997 621 1039 644 cx
1060 622 1103 644 eo
1119 610 1217 656 quod
1236 623 1320 645 cera
1337 624 1434 647 nune
1451 613 1620 648 venditur
1636 614 1755 649 carius

186 688 295 722 quam
314 675 420 711 annis
438 676 624 722 preteritis
652 676 778 711 xxx-is.
802 677 864 711 viii
877 677 913 712 d.
966 676 1014 712 Et
1032 677 1146 712 solute
1166 678 1314 713 domino
1335 678 1476 713 Thomc
1496 679 1669 716 Watsone
1688 695 1754 728 pro

186 744 292 779 feodo
309 744 369 778 suo
389 744 434 779 de
452 743 557 779 diffis
576 744 742 779 terminis
763 744 919 792 compoti
940 751 978 779 vt
996 751 1095 791 patet
1114 745 1151 780 in
1172 746 1349 793 compotis
1367 747 1647 794 precedentibus
1667 749 1704 784 iii
1717 750 1754 784 li.

185 811 259 847 vis.
281 811 343 847 viii
357 812 390 846 d.
445 811 493 847 Et
512 811 645 847 eisdem
665 824 729 859 per
748 811 969 847 solucionem
996 812 1127 847 faciam
1148 813 1296 848 domino
1321 814 1559 861 gubernatori
1588 829 1653 863 pro
1673 824 1757 852 taxa

183 879 340 916 rectorie
360 879 510 915 ecclesie
529 880 574 915 de
595 879 761 915 Kirkvrd
779 891 842 927 per
861 879 996 915 dietum
1017 886 1158 928 tempus
1178 881 1262 916 vili.
1282 881 1385 916 xiiis.
1407 882 1457 917 iiii
1471 884 1504 918 d.
1558 883 1605 919 Et
1624 885 1754 920 eisdem

181 961 246 996 per
274 948 494 983 solucionem
522 948 654 984 fastam
682 947 864 996 lapidario
892 953 928 983 et
953 961 1019 996 pro
1038 948 1220 996 lapidibus
1248 950 1292 985 ad
1315 950 1587 987 edificacionem
1607 954 1756 989 ecclesie

182 1016 267 1052 dieti
286 1016 430 1064 collegii
459 1029 524 1063 per
547 1023 690 1064 tempus
718 1016 878 1064 compoti
906 1016 1009 1052 xxxii
1023 1030 1049 1052 s.
1070 1017 1153 1052 vid.
1207 1017 1256 1053 Et
1274 1030 1340 1065 pro
1360 1019 1538 1055 duceione
1558 1022 1756 1057 eorundem

182 1085 257 1120 lviii
270 1098 297 1120 s.
350 1085 400 1120 Et
418 1085 655 1121 seruitoribus
674 1091 710 1121 et
729 1085 906 1132 operariis
926 1086 972 1121 ad
995 1085 1269 1121 edificacionem
1289 1086 1382 1122 diere
1403 1087 1551 1123 ecclesie
1579 1101 1644 1136 per
1663 1089 1755 1125 idem

183 1160 325 1201 tempus
346 1153 381 1188 iii
394 1153 429 1188 li.
453 1153 514 1189 viii
527 1167 554 1188 s.
576 1154 678 1189 iiiid.
733 1153 781 1190 Et
808 1167 874 1202 pro
901 1154 1001 1189 calce
1029 1153 1160 1201 tegulis
1180 1160 1215 1189 et
1239 1167 1352 1190 arena
1378 1168 1443 1202 per
1462 1155 1594 1191 dictum
1616 1163 1757 1204 tempus

183 1222 269 1258 lvis.
299 1222 335 1257 iii
349 1222 382 1257 d.
436 1222 484 1257 Et
511 1222 659 1257 domino
679 1222 822 1257 Jacobo
844 1221 977 1270 Waldy
1002 1235 1068 1269 pro
1097 1222 1166 1257 suis
1193 1222 1378 1258 laboribus
1405 1224 1443 1259 in
1464 1224 1640 1260 vestibulo
1660 1225 1758 1261 circa

184 1297 401 1326 ornamenta
419 1290 569 1325 ecclesie
587 1303 636 1325 xx
650 1303 675 1325 s.
712 1290 760 1326 Et
780 1290 912 1325 eisdem
932 1290 968 1324 in
989 1290 1136 1325 minutis
1155 1303 1221 1337 per
1240 1296 1382 1338 tempus
1401 1295 1557 1340 compoti
1577 1293 1637 1328 xxi
1651 1306 1677 1329 s.
1700 1295 1756 1329 id.

185 1359 233 1395 Et
252 1358 500 1394 abbreuiatori
520 1363 774 1405 compotorum
793 1370 861 1404 pro
880 1357 949 1392 suis
976 1357 1162 1393 laboribus
1185 1359 1222 1393 in
1246 1359 1409 1406 negociis
1428 1359 1511 1395 dieti
1531 1361 1674 1409 collegii
1692 1375 1757 1409 per

186 1434 326 1475 tempus
354 1425 514 1473 compoti
542 1425 579 1460 xl
591 1439 618 1460 s.
666 1425 714 1460 Et
740 1424 924 1460 Willelmo
951 1425 1118 1473 Dalgleis
1147 1425 1184 1460 in
1212 1427 1552 1473 augmentaeionem
1580 1428 1677 1464 feodi
1705 1430 1756 1464 sui

187 1508 235 1531 xx
247 1508 275 1530 s.
330 1494 377 1530 Et
404 1493 517 1529 solute
544 1493 709 1528 Johanni
737 1493 903 1528 seruitori
930 1493 1015 1528 dieti
1035 1492 1207 1528 Willelmi
1237 1500 1275 1528 vt
1300 1499 1399 1540 patet
1427 1494 1461 1528 in
1482 1502 1649 1541 compoto
1677 1509 1756 1542 pre-

189 1564 342 1599 cedente
361 1562 401 1597 iii
414 1562 451 1597 li.

290 1631 438 1667 Summa
467 1630 705 1676 expensarum
738 1629 814 1664 lxix
828 1629 866 1664 li.
895 1629 981 1664 viis.
1010 1630 1066 1665 id.
1096 1636 1131 1665 et
1159 1631 1206 1665 sic
1235 1630 1587 1677 superexposucrunt
1614 1644 1755 1679 compo-

337 1704 456 1734 tantcs
481 1697 553 1732 vli.
584 1697 631 1733 vii
643 1710 670 1732 s.
699 1697 757 1732 id.
804 1697 956 1744 Insuper
984 1697 1189 1733 allocantur
1217 1698 1510 1744 compotantibus
1536 1712 1603 1746 pro
1631 1712 1754 1736 eorum

338 1766 523 1802 laboribus
549 1778 616 1813 per
643 1765 777 1800 di&um
806 1772 948 1812 tempus
976 1765 1135 1811 compoti
1162 1764 1199 1800 xl
1212 1777 1238 1799 s.
1268 1771 1303 1800 et
1330 1764 1377 1800 fic
1406 1765 1756 1814 superexposuerunt

337 1839 588 1881 compotantes
608 1833 655 1868 vii
667 1833 712 1868 li.·
727 1833 815 1868 viis.
836 1833 893 1868 id.

240 1902 446 1938 MAolsTER
459 1901 666 1938 JOHANNES
683 1901 816 1936 Bmmv
829 1913 908 1948 pre·
977 1899 1182 1935 Mchssms
1202 1900 1362 1936 DYSART
1382 1913 1492 1937 manu
1510 1903 1660 1950 propria

288 1970 423 2018 positus
442 1983 552 2006 manu
571 1970 721 2017 propria
972 1969 1215 2003 ALEXANDER
1235 1968 1474 2004 TAILLIEFER
1494 1970 1757 2017 prebendarius

239 2039 446 2075 JOHANNES
466 2037 625 2074 LoGANE
646 2049 756 2072 manu
774 2036 925 2084 propria
977 2035 1142 2072 TfloMAs
1165 2036 1278 2072 GULD
1299 2050 1407 2073 manu
1425 2039 1584 2085 propria.

242 2107 407 2143 TquAs
429 2106 626 2142 WmsoNE
649 2117 756 2140 manu
776 2105 926 2152 propria

192 2296 427 2350 Comma-um
455 2311 687 2347 dominorum
708 2309 885 2345 Willelmi
904 2309 1066 2357 Tempill
1093 2316 1128 2344 et
1157 2309 1311 2356 Georgii
1340 2308 1566 2356 Clapertoun
1593 2316 1756 2356 recepto-

192 2394 273 2417 rum
300 2379 527 2428 generalium
553 2379 740 2414 firmarum
767 2377 861 2413 diae
890 2376 1039 2413 ecclesie
1070 2376 1200 2413 sanae
1229 2377 1422 2413 Trinitatis
1449 2377 1632 2413 redditum
1659 2378 1754 2425 apud

194 2450 330 2485 dietum
350 2448 542 2496 collegium
559 2461 625 2495 per
644 2447 787 2484 eosdem
807 2453 937 2494 quarto
957 2447 1015 2482 die
1034 2445 1162 2481 mensis
1178 2445 1267 2481 Maii
1287 2458 1382 2481 anno
1401 2442 1547 2482 Domini
1567 2445 1755 2482 millesimo
