2147 2964
131 849 190 881 48.

124 2338 182 2376 49.

771 278 961 316 DOMUS
987 278 1059 315 DE
1088 278 1305 316 SOLTRE.
1777 284 1819 316 41

251 377 431 425 aliquibus
450 377 495 413 de
521 368 717 412 heredibus
744 377 833 412 meis
852 377 897 412 de
923 382 1045 413 cetero
1064 377 1244 425 exigendo
1262 400 1270 408 ·
1290 377 1334 413 In
1363 377 1464 413 cuius
1491 377 1546 414 rei
1573 378 1817 415 testimonium

251 445 474 492 presentibus
495 444 647 492 figillum
671 457 791 479 meum
810 444 959 492 apposui
979 445 1072 480 -hiis
1091 445 1239 481 testibus
1258 445 1405 481 domino
1424 446 1462 482 N
1465 446 1609 482 icholao
1629 447 1819 495 capellano

249 513 295 549 de
316 512 436 549 Soltre
454 513 598 548 Thoma
616 512 661 547 de
683 511 820 559 spensa
837 513 959 548 Adam
979 513 1137 548 ianitore
1156 519 1193 549 et
1212 513 1334 549 multis
1354 513 1444 549 aliis.

250 658 363 695 Carta
396 658 548 694 Roberti
579 658 625 693 de
656 657 756 693 Keth
787 657 1015 693 Marrcscalli
1054 657 1183 694 Scocie
1215 659 1260 694 de
1294 664 1502 695 tenemento
1534 660 1580 695 de
1608 659 1817 708 Jonystoun

249 725 434 761 Inferiori.

250 827 445 884 Omnibus
474 845 610 883 Christi
636 845 805 881 fidelibus
834 845 880 880 ad
907 857 997 892 quos
1023 846 1210 893 presentes
1237 845 1343 882 litere
1371 847 1609 894 peruenerint
1635 849 1818 886 Robertus

244 914 289 950 de
316 915 416 950 Keth
443 914 682 950 Marescallus
712 913 842 951 Scocie
870 914 1019 949 salutem
1045 914 1083 949 in
1111 913 1274 949 Domino
1302 915 1559 962 sempiternam
1582 937 1590 944 ·
1612 916 1705 953 Cum
1734 931 1819 954 con·

243 988 393 1019 uentum
420 989 499 1019 erat
530 983 627 1018 inter
654 983 842 1031 religiosos
871 982 967 1018 viros
998 982 1148 1019 fratrem
1178 982 1414 1030 Radulphum
1446 984 1659 1031 magistrum
1689 986 1817 1022 domus

244 1049 374 1086 sanae
394 1051 589 1087 Trinitatis
617 1052 662 1087 de
691 1051 812 1088 Soltre
840 1057 876 1087 et
903 1051 1062 1087 eiusdem
1089 1050 1161 1086 loci
1190 1051 1394 1087 confratres
1421 1058 1591 1100 exparte
1608 1066 1679 1089 vna
1697 1060 1733 1090 et
1750 1068 1816 1091 nos

240 1131 308 1165 pro
326 1119 580 1155 successoribus
600 1119 730 1155 nostris
751 1132 795 1154 ex
822 1120 938 1155 altera
965 1120 1063 1166 quod
1089 1120 1223 1167 prefati
1251 1119 1423 1168 magister
1441 1127 1477 1157 et
1494 1122 1626 1158 fratres
1645 1128 1815 1160 tenerent

241 1193 277 1222 et
295 1186 472 1223 haberent
491 1201 512 1223 a
530 1188 635 1223 nobis
655 1193 691 1223 et
710 1188 968 1224 successoribus
990 1188 1122 1224 nostris
1143 1194 1260 1224 toturn
1278 1194 1527 1226 tenementum
1546 1191 1591 1226 de
1609 1191 1815 1241 Jonystoun

240 1254 412 1291 Inferiori
433 1268 513 1291 cum
532 1256 768 1304 pertinenciis
796 1261 831 1291 ct
857 1256 1089 1292 libertatibus
1113 1257 1159 1292 ad
1185 1257 1427 1293 feodifirmam
1445 1259 1634 1295 reddendo
1653 1261 1760 1297 nobis
1779 1269 1814 1298 et

239 1323 497 1359 suecessoribus
524 1324 657 1359 nostris
686 1324 875 1359 annuatim
903 1324 962 1359 sex
988 1337 1131 1360 marcas
1149 1345 1156 1351 -
1175 1326 1324 1361 tandem
1352 1339 1438 1362 vero
1466 1326 1553 1362 dieti
1580 1329 1753 1376 magister
1779 1338 1816 1367 et

242 1391 372 1427 fratres
399 1391 601 1427 sencientes
628 1392 662 1428 se
690 1391 838 1427 racione
870 1392 1163 1428 eonuencionum
1195 1393 1302 1440 super
1326 1394 1501 1442 premiffis
1529 1395 1702 1432 initarum
1732 1411 1814 1445 gra-

242 1465 346 1495 natos
372 1460 553 1507 prefatum
582 1465 832 1496 tenementum
859 1472 939 1495 cum
968 1460 1133 1495 omnibus
1160 1460 1301 1496 iuribus
1321 1467 1356 1497 et
1374 1462 1609 1509 pertinenciis
1629 1463 1665 1498 in
1684 1477 1812 1501 manus

242 1527 382 1563 nostras
410 1528 454 1563 de
482 1528 654 1564 consensu
682 1528 805 1563 nostro
833 1526 1112 1576 refignauerunt
1130 1549 1137 1556 ·
1157 1529 1267 1565 Vnde
1295 1529 1460 1565 volumus
1487 1532 1585 1578 quod
1612 1533 1734 1568 omnia
1759 1533 1812 1570 in-

243 1595 444 1632 strumenta
462 1596 547 1631 inde
567 1596 732 1632 confefita
759 1597 1027 1632 conuencioncs
1046 1603 1082 1633 et
1108 1610 1201 1645 pene
1226 1598 1322 1634 inter
1342 1611 1407 1633 nos
1426 1598 1512 1635 inde
1531 1601 1688 1648 apposite
1707 1601 1812 1639 irrita

241 1663 446 1700 habeantur
465 1672 499 1700 et
521 1678 634 1701 vacua
661 1665 793 1700 dictum
820 1665 1031 1713 magistrum
1059 1672 1094 1701 et
1121 1667 1252 1702 fratres
1280 1667 1422 1714 quietos
1449 1667 1715 1716 imperpetuum
1739 1671 1810 1707 ela-

241 1738 381 1768 mantes
409 1738 444 1768 et
471 1733 686 1780 indempnes
704 1753 711 1761 ·
730 1733 775 1769 In
800 1734 902 1769 cuius
928 1734 981 1770 rei
1015 1734 1259 1771 testimonium
1290 1736 1517 1783 presentibus
1548 1736 1703 1785 sigillum
1732 1741 1812 1775 nos-

242 1806 338 1836 trum
357 1801 581 1849 apposuimus
600 1823 607 1830 ·
624 1802 691 1837 hiis
710 1802 858 1838 testibus
877 1803 1025 1838 domino
1045 1803 1205 1839 Ricardo
1228 1805 1272 1839 de
1293 1805 1392 1840 Keth
1411 1805 1526 1841 milite
1545 1806 1659 1843 fratre
1686 1808 1808 1844 nostro

242 1868 388 1904 domino
415 1869 584 1918 Philippo
614 1872 756 1906 reetore
791 1871 940 1907 ecclesie
968 1872 1012 1907 de
1040 1871 1164 1920 Byger
1200 1873 1313 1908 fratre
1349 1873 1471 1908 nostro
1507 1874 1656 1910 domino
1687 1876 1808 1912 Adam

242 1936 287 1972 de
305 1936 404 1973 Keth
432 1937 615 1973 auunculo
642 1938 765 1974 nostro
792 1940 934 1974 refitore
962 1939 1110 1975 ecclesie
1138 1941 1183 1975 de
1208 1939 1389 1976 Marescal
1416 1940 1515 1976 Keth
1533 1941 1707 1979 Johanne
1733 1944 1808 1980 filio

242 2003 365 2039 nostro
393 2010 429 2040 et
451 2004 586 2041 herede
613 2005 784 2054 magistro
813 2005 958 2042 Thoma
984 2007 1030 2042 de
1051 2007 1262 2044 Crechtoun
1290 2010 1432 2044 1·e‹?core
1459 2009 1608 2045 ecclesie
1636 2011 1680 2046 de
1700 2011 1807 2048 Halis

242 2076 278 2107 ct
296 2071 386 2108 aliis.

243 2217 434 2266 Obligacio
452 2218 576 2256 Dauid
595 2221 640 2256 de
659 2220 797 2257 Grame
816 2221 860 2256 de
879 2221 1029 2258 dimidia
1046 2235 1170 2258 marca
1188 2223 1233 2259 de
1253 2223 1472 2261 Elotistoun.

242 2322 436 2376 Omnibus
457 2337 592 2375 Christi
618 2338 784 2374 fidelibus
812 2338 859 2374 ad
885 2351 974 2385 quos
1001 2339 1183 2386 presentes
1209 2340 1314 2376 litere
1341 2343 1580 2389 peruenerint
1606 2343 1731 2381 Dauid
1758 2346 1803 2381 dc

243 2407 375 2443 Grame
396 2406 498 2443 miles
524 2412 687 2443 eternam
715 2406 751 2442 in
769 2405 930 2442 Domino
951 2406 1099 2442 salutem
1119 2426 1126 2434 ·
1146 2407 1305 2445 Nouerit
1325 2409 1537 2447 vniuerfitas
1557 2412 1674 2450 vestra
1692 2426 1748 2450 me
1767 2420 1802 2450 et

1016 2487 1034 2510 F
