2147 2964
484 284 693 323 SANCTE
721 285 1038 325 TRINITATIS
1065 287 1136 324 DE
1163 288 1498 328 EDINBURGH.
1705 297 1770 330 21]

211 381 398 430 subscripti
430 384 658 420 notificamus
688 386 786 433 quod
817 386 876 422 dic
907 386 1066 422 secundo
1096 386 1186 423 Maii
1222 401 1318 424 anno
1348 402 1419 436 quo
1451 391 1557 438 supra
1588 391 1773 429 dominum

211 448 430 487 Michaelem
459 452 641 488 sacristam
675 454 769 489 diae
801 454 994 502 collegiate
1025 455 1173 491 ecclesie
1205 456 1293 492 alias
1326 457 1441 493 eciam
1472 459 1516 494 de
1543 459 1701 507 presenti
1729 462 1774 497 ab

208 518 429 554 cxecucione
448 520 555 555 officii
574 521 668 556 diae
695 521 853 557 sacristie
880 528 1029 570 propter
1049 536 1121 558 non
1147 524 1305 560 debitam
1333 526 1691 564 administracionem
1709 542 1774 577 per

207 585 320 633 ipsum
340 586 377 622 in
397 587 525 623 eodem
553 588 750 624 secundum
778 595 943 625 tenorem
961 590 1193 626 fundacionis
1218 598 1254 627 et
1273 593 1488 628 statutorum
1507 596 1647 642 prefate
1667 597 1773 633 colle-

205 653 304 700 giate
331 654 481 690 ecclesie
509 656 618 702 vsque
645 656 682 691 in
708 656 807 692 hunc
835 657 931 693 diem
958 658 1200 693 resecauimus
1227 660 1449 696 remouimus
1473 668 1510 697 et
1529 662 1772 710 suspendimus

205 727 313 768 prout
332 722 377 757 de
400 723 558 769 presenti
585 723 767 759 resecatus
794 730 954 759 remotus
982 732 1018 760 ct
1046 725 1231 772 suspensus
1259 727 1378 763 existit
1405 741 1447 764 ac
1475 729 1643 766 dominus
1661 732 1773 768 Alex-

204 790 318 825 ander
338 789 495 826 Tallifar
514 791 673 827 eiusdem
701 791 850 828 ecclesie
877 792 1142 839 prebendarius
1167 794 1212 828 de
1241 794 1413 831 consensu
1441 796 1562 832 nostro
1590 798 1626 833 in
1645 800 1771 835 eodem

203 857 321 893 officio
338 864 374 894 et
392 858 474 894 loco
492 857 602 906 ipsius
622 859 818 895 Michaelis
837 860 1053 896 constitutus
1072 860 1192 897 fuerat
1208 882 1215 890 ·
1232 862 1312 898 Nos
1331 863 1566 901 nihilominus
1586 879 1627 902 ex
1647 869 1771 915 gracia

202 938 245 961 ac
264 925 327 962 sub
347 927 406 974 spe
425 927 698 963 emendacionis
717 927 789 963 vite
811 934 847 964 et
873 940 1015 964 morum
1043 928 1202 965 ciusdem
1221 929 1414 968 Michaelis
1432 945 1576 969 necnon
1596 935 1716 971 debite
1736 944 1771 973 et

201 994 318 1030 fidelis
337 995 668 1032 administracionis
688 996 724 1032 in
741 997 835 1032 disto
855 997 972 1032 officio
991 997 1105 1044 ipsum
1122 997 1343 1034 Michaelem
1361 999 1398 1034 in
1419 1001 1545 1036 eodem
1561 1004 1770 1050 reponimus

201 1069 237 1099 et
255 1064 523 1111 reintegramus
538 1077 580 1101 ac
596 1078 679 1101 cum
698 1078 741 1101 eo
757 1065 803 1101 ad
821 1065 1025 1101 huiusmodi
1044 1065 1199 1101 officium
1218 1066 1462 1114 dispensamus
1481 1070 1544 1105 sub
1559 1070 1613 1106 his
1628 1072 1770 1108 restric-

200 1132 298 1168 tione
327 1132 544 1168 condicione
571 1139 607 1169 et
633 1135 738 1180 pasto
762 1145 832 1180 que
860 1133 1058 1181 sequuntur
1077 1153 1084 1161 ·
1103 1133 1152 1170 Et
1179 1134 1204 1170 fi
1231 1134 1270 1170 in
1298 1135 1460 1172 futurum
1487 1150 1531 1173 ex
1550 1138 1692 1175 incuria
1710 1142 1771 1176 sua

199 1200 360 1247 relapsus
379 1201 489 1236 fuerit
507 1206 544 1237 et
562 1201 724 1237 debitum
752 1202 945 1238 seruicium
973 1202 1121 1238 minime
1148 1202 1277 1239 fecerit
1305 1217 1347 1239 eo
1371 1217 1441 1252 per
1459 1218 1524 1242 nos
1545 1208 1692 1255 cognito
1712 1222 1770 1246 ex-

199 1280 298 1304 nunc
324 1275 432 1316 prout
459 1276 593 1305 extunc
621 1276 657 1305 et
683 1283 703 1305 e
731 1271 907 1306 conuerso
934 1270 1046 1319 ipsum
1074 1271 1120 1306 ad
1140 1271 1252 1307 vitam
1279 1273 1376 1308 suam
1396 1287 1418 1309 a
1436 1274 1533 1310 difto
1553 1276 1668 1312 officio
1688 1291 1768 1314 cum

198 1337 373 1372 fruffibus
392 1337 505 1373 firmis
525 1343 560 1373 et
578 1338 818 1385 prouentibus
846 1338 962 1374 eidem
991 1339 1285 1376 incumbentibus
1315 1353 1543 1378 remouemus
1568 1346 1769 1382 resecamus

199 1411 234 1440 ct
253 1405 501 1453 suspendimus
519 1419 583 1454 per
602 1406 786 1453 presentes
806 1419 848 1442 ac
867 1419 934 1454 pro
953 1414 1094 1443 remoto
1117 1408 1278 1445 resecato
1298 1415 1334 1445 ct
1353 1410 1515 1458 suspenso
1535 1411 1712 1450 habeatur
1732 1416 1767 1450 in

198 1474 360 1509 futurum
382 1480 417 1510 ct
436 1475 533 1521 quod
554 1474 646 1510 alius
668 1475 834 1522 ydoneus
861 1475 1023 1511 nostrum
1049 1476 1095 1511 ad
1114 1476 1391 1513 ministrandum
1412 1478 1447 1514 in
1467 1480 1594 1515 eodem
1614 1481 1767 1518 seruicio

198 1543 234 1577 in
255 1542 397 1578 defectu
416 1542 524 1590 ipsius
544 1542 739 1578 Michaelis
762 1543 877 1579 eciam
906 1543 1056 1579 alterius
1084 1544 1229 1580 sacriste
1249 1545 1494 1593 cuiuscunque
1514 1548 1574 1594 qui
1594 1561 1660 1595 pro
1679 1556 1766 1585 tem-

197 1623 285 1657 pore
304 1611 414 1647 fucrit
433 1611 594 1646 debitum
615 1611 805 1647 seruicium
826 1624 899 1647 non
927 1611 1168 1648 ministrantis
1191 1613 1331 1648 tociens
1354 1614 1529 1661 quociens
1549 1628 1637 1663 opus
1657 1617 1766 1655 fuerit

196 1679 406 1726 imponatur
426 1685 462 1714 ct
480 1678 688 1714 instituatur
707 1699 714 1706 ·
736 1678 986 1727 Subscriptum
1013 1693 1078 1727 per
1097 1693 1163 1716 nos
1191 1687 1227 1717 et
1246 1681 1380 1717 difitum
1401 1683 1585 1719 dominum
1605 1684 1765 1722 Michae-

196 1748 267 1784 lem
296 1748 334 1783 in
364 1747 503 1796 signum
532 1748 722 1784 consensus
752 1747 803 1783 sui
834 1749 880 1784 ad
907 1748 1076 1796 premissa
1102 1749 1182 1785 loco
1212 1762 1308 1785 anno
1337 1750 1457 1786 mense
1487 1758 1523 1786 et
1551 1752 1610 1788 die
1638 1754 1765 1800 quibus

198 1816 315 1863 supra.

200 1937 360 1990 ACTUM
389 1952 486 1999 apud
514 1951 707 1999 collegium
738 1950 962 1988 Sanfitiffime
991 1952 1186 1989 Trinitatis
1215 1966 1329 2002 prope
1357 1955 1528 2002 oppidum
1556 1956 1762 2006 Edinburgi

201 2020 464 2057 SanEtiandree
483 2018 633 2055 diocesis
660 2019 698 2054 in
726 2019 886 2066 capitulo
906 2020 1062 2056 eiusdem
1084 2021 1232 2069 septimo
1251 2023 1310 2058 die
1329 2023 1458 2058 mensis
1480 2023 1648 2061 Ofitobris
1667 2039 1763 2063 anno

199 2088 351 2125 Domini
374 2090 465 2122 1531
487 2107 494 2114 -
515 2087 597 2130 Quo
617 2087 676 2122 die
694 2088 899 2123 reuerendo
919 2088 1066 2124 domino
1084 2090 1258 2138 magistro
1276 2090 1448 2127 Johanne
1468 2091 1653 2141 Dingwall
1671 2096 1763 2131 sedis

199 2156 392 2205 apostolice
427 2155 705 2203 prothonotario
738 2155 888 2191 ecclesie
932 2156 1124 2203 collegiate
1161 2156 1384 2194 Sanffiflime
1420 2159 1615 2196 Trinitatis
1649 2175 1763 2211 prope

198 2225 454 2272 Edinburgum
486 2222 746 2259 Sanffiandree
775 2223 926 2259 diocesis
954 2224 1136 2272 preposito
1165 2232 1234 2261 etc.
1264 2238 1306 2261 ac
1334 2226 1490 2263 dominis
1518 2235 1553 2264 et
1582 2231 1763 2277 magistris

198 2293 370 2329 Johanne
401 2292 552 2340 Logane
583 2292 723 2327 decano
752 2291 923 2328 Johanne
955 2291 1120 2328 Lethane
1156 2293 1361 2329 subdecano
1391 2296 1590 2344 ceterisque
1621 2299 1762 2345 prefate

200 2361 393 2409 collegiate
428 2359 576 2396 ecclesie
612 2359 862 2407 prebendariis
896 2366 932 2396 et
968 2360 1164 2408 capellanis
1211 2361 1417 2410 subscriptis
1453 2364 1499 2399 ad
1534 2365 1763 2415 infrascripta

200 2428 451 2477 capitulariter
470 2427 701 2476 congregatis
721 2427 918 2475 expositum
938 2434 973 2464 et
992 2428 1227 2475 conquestum
1246 2429 1314 2466 fuit
1331 2443 1397 2478 per
1414 2431 1527 2468 dictos
1545 2434 1760 2481 prepositum
